2559 4450
292 315 461 372 rmomx
476 317 704 378 xnrrrrosrrro.
721 322 806 390 cir.
825 325 884 380 111.
1074 315 1111 392 ,41

98 412 352 474 ”Animorum
358 415 500 473 ueuston-
551 415 591 468 ltu
610 417 679 470 lleus
699 418 845 480 turicorum
861 419 963 483 tsntqim
979 422 1019 475 est
1036 423 1116 482 Quos?

68 489 131 544 rim!
138 506 234 548 nonne
243 493 430 552 ementium?
438 497 498 552 imo
520 483 608 536 Nonne
623 485 692 541 idem
705 489 811 552 sterque
824 489 1043 552 Gentiliumllous
1062 493 1115 553 esti

65 567 242 636 sicensium
492 613 496 622 ,
518 557 812 678 ἓὲηέῗέῗτῦθηίὶἰίιιω
834 562 907 625 ecque
921 576 954 622 uc
974 564 1120 619 lemurum

94 693 135 743 50.
149 691 288 754 Quoniam
299 692 413 760 quidem
424 707 497 748 unus
550 695 614 756 Quia
632 695 691 760 ergo
707 710 775 751 unus
790 702 907 750 omnium
919 704 959 752 est
969 678 1052 765 licus,
1066 702 1121 766 ‹liq-

62 774 100 820 est
118 771 206 835 neus,
226 771 276 838 qui
292 770 425 838 justificat
443 773 498 828 cir.
520 778 583 814 uum
595 769 624 814 ut
633 779 701 816 unus
713 769 747 817 sit
756 769 875 819 omnibus
886 773 911 820 et
919 772 1078 824 circumcisis
1095 775 1120 821 ci

61 847 255 902 „amisionem
267 849 380 917 effide,
391 856 498 919 ὥρη),
520 836 708 886 incircumcisis
723 837 912 898 justificationis
927 841 1031 902 morium
1049 841 1120 892 scill-

60 926 163 992 putinm
178 941 229 994 per
243 927 338 982 fidem.
519 903 776 1023 ffihpgzssgffln
795 906 882 958 mum
902 908 1045 972 ‘numum'
1064 921 1120 959 ω’

89 1036 317 1104 iii.Legemergo
327 1037 497 1092 destruimus
549 1041 600 1092 Nec
616 1043 684 1095 dicat
700 1008 803 1096 inrisus
813 1045 882 1108 quod
894 1047 943 1100 hic
956 1048 988 1098 de
999 1047 1049 1098 lide
1059 1047 1118 1100 rioc-

59 1125 103 1176 per
114 1112 202 1167 fidem
214 1131 222 1168 :
233 1115 313 1183 ψῃ
325 1133 332 1170 :
346 1116 396 1172 seq
406 1117 497 1186 legem
519 1111 586 1162 trini
598 1111 678 1174 legem
689 1113 825 1165 lioseicam
843 1117 944 1166 destruo
954 1137 961 1166 z
971 1117 1024 1167 imo
1038 1117 1119 1180 legem

59 1189 211 1248 §mu-imus,
516 1179 618 1232 'stabilio
627 1201 634 1244 ς
651 1183 706 1246 ipse
721 1187 792 1234 enim
809 1185 938 1236 Christum
956 1191 981 1249 et
994 1189 1119 1247 justitiam

519 1253 574 1312 ejus
589 1251 722 1316 figurarit,
737 1255 868 1318 prodixit,
880 1262 906 1306 ct
923 1260 1038 1320 promisit
1047 1277 1054 1318 ς
1063 1260 1119 1319 jus-

518 1320 575 1368 titia
591 1319 650 1382 ergo
660 1333 705 1384 per
716 1321 793 1372 iiricm
804 1322 897 1374 Christi
916 1325 995 1386 legem
1006 1326 1117 1386 stabilit,

519 1388 594 1507 eutius
617 1390 886 1452 venenosorum
903 1394 1118 1461 complementum

519 1470 545 1508 es
558 1491 566 1508 ,

54 1617 184 1739 iarlrrstiilrts'ari
198 1627 243 1681 per
256 1613 349 1700 ssiem3
363 1618 393 1668 ut
409 1615 562 1682 explicatum
577 1621 615 1670 est
630 1620 706 1684 sopri
719 1633 776 1686 pag.
790 1623 830 1674 rt.
842 1624 889 1674 etsi
904 1623 965 1686 legis
978 1637 1053 1688 opera
1064 1638 1118 1676 nou

87 1701 128 1738 em
686 1699 690 1704 Α
731 1699 734 1705 .

82 1771 333 1824 roterodamus
349 1773 416 1823 Deos
426 1772 543 1824 tectim?
554 1777 626 1840 quusi
639 1774 734 1826 diecret
746 1787 753 1825 r
765 1775 797 1826 iit
807 1775 851 1826 iric
860 1776 1015 1839 testificandi
1026 1779 1118 1829 modus

54 1843 101 1892 ltro
111 1843 205 1906 dignus
215 1845 268 1905 est,
278 1845 321 1905 qui
333 1843 394 1893 crim
405 1845 438 1893 sit
447 1846 562 1894 omnium
573 1845 652 1907 Deus,
665 1848 693 1918 ip
707 1858 795 1898 omues
805 1846 892 1898 debuit
902 1860 975 1898 suam
987 1848 1118 1899 effundere

53 1913 270 1976 misericordiam
282 1914 401 1964 omuibus
413 1913 473 1963 dare
483 1913 571 1965 salutis
582 1917 706 1967 medium.
1092 1922 1097 1928 '

83 2003 121 2050 30.
137 1997 265 2060 Quoniam
280 1997 380 2060 quidem
392 2011 459 2047 uuus
470 2003 505 2047 ert
518 1998 594 2048 ileos.
606 1999 679 2050 Siout
689 2002 775 2050 antem
787 2013 855 2051 unus
866 2004 903 2052 cst
916 2000 997 2062 Deus,
1011 2003 1049 2050 sio
1059 2011 1117 2051 om·

54 2069 127 2118 nibus
137 2107 146 2134 2
158 2071 212 2118 sire
224 2067 396 2130 circumcisis,
408 2070 461 2118 sive
471 2069 673 2133 incircumcisis,
685 2083 768 2122 uuum
779 2071 861 2123 estad
873 2071 980 2122 salutem
992 2071 1115 2134 medium,

53 2139 149 2188 scilicet
164 2137 226 2188 iides
240 2139 267 2186 iu
285 2136 425 2188 Christum.
903 2196 906 2203 .

82 2207 145 2259 llire
155 2207 200 2259 Dei
211 2207 327 2257 bonitas!
344 2209 404 2269 quie
418 2220 485 2259 unus
496 2211 612 2259 omniurn
625 2209 707 2271 Deus,
719 2223 803 2261 unum
814 2208 857 2259 dat
870 2210 988 2261 omnious
1002 2210 1117 2261 medium

53 2278 84 2327 eri
101 2278 226 2337 sulutem;
238 2280 359 2337 quianon
371 2280 487 2340 poterunt
505 2291 593 2329 omues
610 2279 728 2329 homines
740 2279 922 2341 lerosolymam
936 2282 973 2329 ire
989 2279 1117 2329 snerliieu-

52 2350 117 2408 turi,
131 2348 251 2398 omnibus
264 2346 410 2396 hominihus
421 2347 537 2399 eumdem
553 2350 672 2411 proponit
686 2350 871 2411 propitiationis
881 2350 1027 2412 victimam,
1038 2361 1117 2411 quum

51 2422 159 2481 quisquc
173 2430 247 2470 suem
266 2415 353 2467 reddet
367 2429 412 2480 per
433 2416 527 2480 iidem,
545 2416 643 2480 sibique
663 2419 792 2482 propriam
807 2418 898 2468 efficiet
917 2421 942 2468 et
955 2418 1006 2469 lieo
1025 2431 1071 2484 pro
1089 2431 1116 2470 sc

52 2489 150 2539 oliorut.

81 2576 121 2622 31.
135 2573 224 2635 Lepore
234 2584 293 2635 erpo
304 2569 456 2621 domuimus
465 2583 510 2634 per
519 2570 612 2633 fidem?
625 2572 713 2633 obiicit
722 2571 770 2622 sibi
780 2570 848 2633 quod
859 2570 939 2621 ludael
948 2570 1061 2621 solebant
1071 2570 1116 2620 ol)-

49 2646 145 2703 jieere,
162 2640 272 2701 scilieet,
286 2640 353 2704 quod
369 2640 423 2691 haec
439 2640 470 2689 de
488 2640 537 2690 lide
550 2640 665 2692 doctrina
683 2642 764 2704 legem
783 2641 931 2691 destrueret.
943 2640 990 2691 Cui
1006 2640 1115 2690 breviter

50 2710 186 2775 respondet
200 2730 206 2759 ι
222 2708 337 2773 quinimo
349 2709 453 2761 stabilit.
467 2708 517 2760 Lex
532 2712 602 2760 enim
618 2710 750 2773 figuravit,
762 2711 890 2774 praedirit,
901 2712 1016 2773 promisit
1028 2710 1115 2761 Chris-

50 2788 107 2831 tum
117 2785 142 2833 et
149 2782 290 2841 justitiam,
299 2792 376 2841 quum
386 2778 502 2829 Christus
513 2780 597 2829 attulit
603 2800 611 2841 ς
620 2780 675 2831 haec
684 2780 742 2843 ergo
749 2780 845 2841 iustitie
853 2819 860 2841 ,
869 2794 914 2843 per
925 2780 1000 2831 iidem
1011 2780 1114 2841 Christi,

50 2850 147 2903 stabilit
160 2850 258 2913 legem,
278 2851 352 2917 eujus
368 2850 406 2900 ost
418 2850 527 2912 veritas,
539 2849 661 2913 euectus,
677 2850 910 2915 complementum:
925 2850 1037 2902 consess
1049 2852 1115 2902 enim

50 2924 109 2985 finis
123 2922 195 2988 iope.

53 3038 225 3092 corollarium
234 3037 348 3103 meotis,
359 3048 403 3089 seu
413 3037 441 3089 io
455 3036 501 3089 hoo
512 3036 593 3102 eapite
606 3038 641 3089 ori
653 3002 773 3101 pictatem
782 3035 892 3089 mostrol
904 3038 1028 3098 eutecio,
1046 3042 1069 3089 ct
1086 3038 1115 3089 io

442 3108 546 3173 prosim
556 3110 702 3173 redipeodo.

80 3214 111 3265 iu
121 3212 173 3265 hoo
186 3214 268 3277 cupite
279 3214 369 3274 tertio,
382 3214 443 3262 nota
455 3210 506 3264 (luo
517 3224 609 3273 magns
621 3210 772 3261 Christirnae
786 3212 888 3274 pietatis
902 3210 1037 3274 principis.

79 3286 195 3335 Puruuu'
205 3296 362 3335 ruruerrrurr.
373 3308 406 3320 -
416 3282 504 3333 Omnis
516 3295 619 3347 prorsus
634 3282 728 3344 homo,
748 3284 792 3344 qui
809 3285 848 3331 est
866 3282 895 3330 in
914 3280 1027 3340 mundo,
1041 3280 1069 3329 in
1088 3291 1116 3329 se

50 3359 189 3419 spectatus,
201 3358 227 3405 et
236 3355 264 3403 in
277 3355 331 3404 suis
341 3353 415 3404 luctis
423 3354 547 3417 propriis,
562 3364 635 3403 reum
645 3364 673 3403 ss
683 3351 756 3402 istcri
769 3350 843 3401 debet
858 3362 944 3399 corum
956 3348 1020 3409 lieo,
1032 3350 1058 3397 et
1070 3349 1115 3399 ires

50 3429 144 3477 divinas
155 3425 301 3479 obnoxium.
314 3424 375 3475 Vide
388 3438 416 3475 n.
430 3428 458 3475 19
470 3428 495 3473 et
505 3426 545 3475 28.

80 3498 118 3547 Ex
132 3496 183 3547 hoc
202 3497 326 3559 principio
338 3496 421 3544 omnis
434 3494 569 3544 hominum
582 3494 699 3558 superbis
716 3492 889 3554 annihilatum
900 3504 983 3542 omum
994 3503 1113 3555 pecoroso¹

50 3573 141 3617 root...
155 3571 178 3615 et
192 3571 263 3628 spect
279 3565 364 3627 proso
380 3565 455 3615 Det...
469 3564 584 3614 subditos
596 3565 659 3629 piot,
673 3568 722 3614 eto.

81 3638 202 3699 Quisquis
220 3637 284 3696 sim,
296 3637 413 3705 perceptor
427 3637 504 3685 uetus
519 3646 576 3685 sum
585 3671 592 3697 ‚
601 3637 719 3699 peccator
729 3634 839 3694 rir0,et
853 3634 903 3683 nisi
914 3629 965 3683 mei
979 3632 1113 3683 miseretur

50 3708 134 3769 licus,
148 3711 266 3770 peccator
278 3707 381 3756 moriar.

80 3779 147 3828 iiiuc
158 3778 235 3836 time,
245 3786 334 3837 geme,
348 3774 497 3837 humiliare,
514 3788 573 3836 ora,
587 3774 723 3825 Salvatoris
738 3786 811 3837 opem
824 3772 940 3837 implora.

80 3847 282 3899 Persis-llio
292 3850 397 3898 veritate
412 3860 546 3911 persuasus
558 3849 633 3895 tuum
647 3858 693 3909 pro
706 3848 838 3907 prrctcritis
849 3849 948 3895 rentum
958 3855 1112 3906 agnoscens,

49 3926 173 3983 tuamque
190 3920 217 3967 lu
234 3920 351 3980 praeseuti
365 3916 539 3967 infirmitatem
557 3910 681 3977 sentiens,
693 3914 835 3977 frequenter
845 3928 931 3965 eorum
941 3914 991 3964 ileo
1002 3921 1113 3978 proster-

50 4004 127 4053 nerc;
138 3990 280 4052 prostratus
291 3992 315 4037 et
325 3988 430 4053 supplex
439 3990 542 4042 reniam
552 3991 609 4053 pete
619 3998 665 4051 pro
675 3988 799 4049 praetcrito
808 4005 817 4048 ;
825 3983 913 4035 solutis
923 3998 996 4049 opem
1006 3985 1112 4049 imploro

49 4075 96 4125 pro
110 4056 372 4185 prerlsontietiuturo.
944 4124 975 4177 ν
