2559 4450
248 246 421 310 sarrin
436 247 663 313 EXPOSH'IO.
683 250 767 317 cii.
785 253 826 314 is
1016 255 1073 318 Ν

24 348 194 419 pultum
204 356 357 425 spiritualia
369 371 450 414 cam-
473 351 583 415 Spiritus
606 353 708 415 moti,
730 352 903 418 spiritualibus
930 354 1070 418 spiritualis

24 438 140 487 ,aram
196 467 209 485 ,
472 421 728 487 contuentestseu,
744 427 774 474 ut
785 423 853 484 dixi,
869 422 1071 487 sapimurmio-

471 496 577 553 quanm
592 495 658 544 inter
673 492 796 556 periectos
805 491 830 556 ),
843 507 895 544 uon
913 493 1070 546 indiscrimi-

469 562 550 610 natim
563 563 682 612 omnibus
698 562 784 611 omnia
800 563 937 613 tradentes.

41 622 80 671 ii.
92 619 230 674 animalis
248 627 343 676 sutem
358 622 445 677 bomo
499 627 624 679 Animalia
643 631 713 680 enim
736 629 814 680 bomo
834 628 900 693 (ssu
922 632 967 694 qni
990 629 1069 684 scius

23 713 59 749 101]
70 700 188 767 percipit
197 714 303 769 eaquae
312 704 447 772 armaspi.
467 698 561 748 anima
573 697 672 748 lumine
691 697 802 749 naturali
818 697 920 750 ducitur
930 697 938 762 i
949 711 1001 750 non
1011 711 1066 764 per-

36 855 72 903 Gr·
83 862 109 908 tv
118 861 238 916 masis
246 866 276 915 ia
289 867 370 919 doces
385 869 498 933 water
511 871 612 930 Sancti,
627 869 716 934 supple
729 871 820 921 verbis.
839 871 930 922 Noster
944 872 1068 938 interpres

24 934 61 991 uit
74 940 97 984 a
108 938 208 1001 uuna,
221 941 250 988 tu
259 942 383 995 uesica.
395 946 453 1008 syr.
468 945 529 1009 legit
542 947 619 996 idem.

36 1026 219 1085 damnatitius
226 1029 376 1094 spiritualia
389 1029 627 1091 comparamur.
643 1029 807 1081 conserentes.
823 1031 986 1093 συγκρίνοντες.

36 1094 79 1142 Hoc
91 1109 191 1150 numen
204 1097 416 1163 (summutas)
427 1099 524 1161 duplici
539 1098 615 1148 modo
636 1103 718 1162 potest
731 1103 813 1160 sumi,
826 1100 866 1149 vei
878 1103 906 1149 in
919 1105 1009 1150 neutra
1023 1109 1066 1162 ge·
1164 1121 1170 1132 ·

24 1173 61 1208 rore
70 1199 76 1221 ,
86 1163 127 1214 sel
140 1169 169 1217 iu
181 1167 342 1228 masculino,
355 1172 381 1217 et
390 1167 453 1216 binc
469 1166 596 1230 duplicem
609 1180 713 1217 sensum
726 1168 811 1218 habet.

36 1232 56 1277 Si
67 1234 92 1281 in
102 1240 196 1289 neutro
213 1250 304 1301 genere
319 1240 450 1297 sumatur,
459 1249 549 1286 sensus
564 1239 603 1286 est
617 1235 685 1298 qudd
695 1236 769 1288 divus
781 1236 875 1288 Paulus
891 1235 1065 1300 spiritualiter,

24 1311 45 1346 en
57 1302 196 1365 eloquentia
211 1306 338 1370 spirituali
349 1305 432 1356 tradat
445 1318 485 1355 res
496 1306 649 1369 spirituales.

36 1371 56 1417 Si
66 1374 90 1421 in
101 1375 246 1427 masculino
257 1379 381 1437 sumitur,
391 1388 479 1426 sensus
487 1380 525 1425 est
536 1375 603 1438 qudd
612 1377 674 1426 viris
685 1375 858 1439 spiritualibus
869 1389 910 1428 res
921 1372 1064 1440 spirituales

24 1441 79 1489 ndat
90 1441 235 1506 Apostolus.

36 1510 58 1557 in
70 1515 149 1573 primo
163 1528 259 1577 sensu,
273 1528 357 1568 sermo
367 1514 576 1566 accommodatur
586 1517 708 1568 materiae.

37 1579 59 1625 ln
71 1584 195 1647 meando,
214 1588 322 1636 materia
337 1584 545 1635 accommodatur
559 1586 728 1636 auditoribus.

36 1648 139 1702 Primum
146 1666 256 1706 sensum
267 1657 381 1717 sequitur
392 1653 423 1704 li.
435 1653 642 1716 chrysostomus,
656 1659 681 1705 et
691 1659 748 1720 post
760 1667 821 1708 eum
838 1655 914 1707 multi
925 1655 1023 1716 antiqui
1037 1654 1062 1704 et

26 1723 157 1773 astutiores.

37 1790 169 1845 Secundum
176 1795 254 1846 affert
262 1794 465 1858 theophylactus
471 1815 479 1856 ;
489 1808 598 1857 eumque
606 1799 719 1859 munitm
729 1797 758 1848 Ι).
766 1797 884 1857 Thomas,
895 1799 920 1846 st
927 1795 970 1846 alil
978 1793 1060 1846 multi.

37 1858 76 1907 Sed
87 1865 140 1922 ouis
153 1879 246 1919 seusus
259 1863 391 1914 litteratior
409 1869 460 1924 est,
474 1870 499 1914 et
512 1865 625 1915 Paullum
639 1869 720 1916 menti
736 1867 908 1917 conformior?

38 1926 126 1980 ittentt
138 1934 305 1985 consideratis
316 1936 341 1994 et
356 1932 555 1994 procedentibus
568 1938 594 1983 ct
604 1935 775 1996 sequentibus,
785 1938 846 1998 puio
857 1933 924 1994 qudd
936 1933 1063 1982 secundus

23 2008 46 2040 nc
60 1999 121 2048 enlm
134 1999 207 2051 locus
219 2001 368 2050 relationem
380 2001 456 2049 habet
465 2001 498 2049 ad
513 2001 539 2050 id
550 2037 557 2061 ,
568 2001 635 2062 quod
650 2013 676 2050 n.
689 2005 713 2050 6.
725 2003 860 2064 praecessit.
871 2001 1009 2063 loquimur
1019 2013 1061 2048 sa-

24 2063 114 2114 ›imtiom
124 2069 189 2119 iuter
201 2069 340 2132 perfector,
352 2073 377 2117 et
390 2068 460 2117 adid
474 2069 542 2130 quod
553 2071 665 2130 sequitur
677 2082 704 2117 n.
721 2071 816 2130 tl,15.
840 2073 899 2129 eta,
914 2074 939 2116 et
952 2067 1060 2118 maumd

24 2132 72 2179 nitio
85 2148 137 2197 cap.
153 2141 177 2188 3.
191 2138 249 2188 li‘oa
259 2139 332 2200 potui
344 2137 416 2187 uobis
431 2138 506 2199 puna
518 2138 698 2199 spiritualibus
710 2137 796 2200 loqui,
809 2139 852 2188 sed
862 2144 983 2199 tuaquom
995 2150 1060 2200 par·

24 2200 67 2247 *rotis
80 2203 105 2251 iu
118 2205 233 2267 causta,
252 2208 291 2257 loa
307 2207 379 2257 uobis
393 2211 482 2268 potum
499 2207 566 2256 dedi.

38 2268 173 2329 Spirituaies
188 2277 235 2326 bic
249 2281 337 2336 vocat,
349 2288 413 2337 quos
431 2287 507 2337 supra
522 2274 622 2324 vocavit
638 2275 778 2338 periectos,
791 2288 835 2337 per
855 2274 994 2337 spiritualia
1015 2271 1059 2326 bic

24 2337 123 2403 nielligit,
130 2345 199 2405 cuod
208 2346 284 2409 supra
295 2346 445 2408 sapientiam
456 2342 607 2405 appellavit,
619 2342 716 2393 scilicet
729 2344 876 2394 sublimiora
887 2348 912 2393 et
925 2346 1058 2394 secretiora

24 2403 67 2454 idai.
80 2408 135 2462 Vide
145 2413 216 2465 diota
226 2428 255 2464 n.
267 2418 292 2464 ⁷.
737 2454 741 2461 .
1058 2422 1060 2429 ⁴

38 2475 86 2527 luit
95 2493 149 2545 ergo
161 2486 248 2536 dicere
257 2484 351 2535 Paulus
359 2521 366 2545 ,
375 2482 443 2547 qubd
457 2486 575 2547 mysteria
588 2484 636 2535 sibi
648 2482 756 2534 revelata
767 2482 856 2533 doceat
867 2482 969 2545 quidem
980 2482 1057 2544 alios,

24 2555 54 2592 ron
65 2550 298 2618 indisoruninatim,
311 2556 397 2605 omnis
408 2556 527 2604 omnibus
538 2554 640 2604 tradens
654 2574 660 2603 ε
673 2554 717 2603 sed
730 2554 934 2613 accommodate,
953 2558 979 2602 et
998 2565 1058 2616 pro-

24 2619 146 2685 coronate,
159 2640 207 2690 pra
223 2639 329 2676 suorum
339 2625 485 2674 auditorum
498 2629 590 2689 captu,
605 2638 634 2674 ea
647 2624 969 2687 conie1·ensetcxplicans;
982 2624 1059 2685 spirl-

25 2685 76 2735 naiia
87 2692 179 2745 scilicet
197 2699 224 2745 ct
238 2694 387 2745 sublimiora
402 2694 505 2744 uadens
524 2695 587 2744 viris
605 2694 779 2756 spiritualibus
795 2699 820 2744 et
833 2692 950 2757 periemis
963 2712 970 2742 a
985 2704 1068 2760 com--

24 2758 85 2806 ironia
101 2762 172 2826 vert,
192 2769 219 2815 et
237 2765 269 2814 ab
287 2764 407 2814 omnibus
426 2764 568 2813 necessarid
588 2764 726 2832 eradenda,
743 2764 806 2814 dans
826 2768 915 2827 potum
932 2766 998 2813 sicut
1017 2761 1056 2811 lae

24 2827 119 2891 larvulis,
132 2845 195 2894 quos
215 2832 268 2883 hic‘
277 2832 402 2883 animales
419 2835 502 2881 vocat.
516 2831 579 2879 Vide
590 2832 657 2882 dictu
671 2848 695 2883 c.
709 2837 733 2883 2.
746 2848 774 2883 u.
786 2838 811 2883 7.

39 2892 112 2955 lucus
126 2907 292 2966 σηκρένοντις,
306 2901 423 2953 consulto
436 2906 461 2950 et
476 2901 589 2951 adhibito
596 2903 693 2963 judicio
706 2904 847 2966 tradentes,
859 2899 1024 2957 conterentes.

39 2961 183 3029 Gommmaia
199 2976 250 3035 est,
267 2974 311 3023 ubi
327 2972 458 3022 distinctio
472 2984 503 3021 ac
516 2976 650 3035 separatio.

41 3048 71 3162 13·
83 3053 202 3106 immotis
217 3061 302 3106 ouum
320 3055 424 3105 douc„
436 3054 619 3106 [intrationem
632 3070 678 3107 cur
691 3059 748 3119 agat
763 3070 824 3107 cunr
837 3053 997 3108 distinetione
1010 3064 1058 3107 stt-

24 3121 50 3158 ua
66 3118 118 3171 iata,

39 3180 64 3254 bl
73 3194 152 3242 autem
163 3196 262 3245 textum
273 3190 411 3256 intelligas,
425 3198 485 3245 uota
494 3187 562 3257 subd
573 3190 708 3253 animalis,
720 3202 764 3245 seu
775 3190 819 3256 qui
831 3190 917 3245 anima
930 3190 1002 3253 vivit,
1009 3190 1057 3243 tri·

24 3245 96 3303 imiter
116 3266 224 3312 sumitur
248 3265 275 3311 in
294 3262 439 3325 Scripturis.
455 3263 540 3312 Primo
559 3265 602 3323 qui
625 3265 732 3321 cressit,
752 3264 865 3311 nutritur
884 3267 910 3309 et
927 3259 1059 3311 alimentis

26 3317 105 3385 adigat,
119 3333 147 3377 ut
165 3332 251 3392 visst,
270 3333 335 3381 sicat
358 3331 407 3380 alia
431 3330 553 3380 animalia
571 3330 685 3391 indigent
702 3330 845 3391 alimoniis;
865 3333 890 3379 et
909 3330 959 3381 hoc
979 3340 1055 3380 sensu

24 3383 79 3437 idam
91 3394 182 3449 dicitur
192 3398 328 3459 animatu,
341 3405 364 3449 i.
378 3400 436 3449 Cor.
449 3402 486 3448 15.
503 3401 546 3447 45.

40 3453 142 3513 Secundo
154 3470 199 3528 qui
214 3471 326 3530 sequitur
340 3470 434 3517 animae
444 3468 570 3517 sensitiva
580 3468 813 3529 concupiscentias,
828 3478 873 3516 seu
891 3468 975 3517 carnis
989 3466 1057 3516 desi·

24 3517 71 3636 lipia
82 3549 88 3589 ;
99 3534 134 3583 sic
146 3535 223 3587 ludas
237 3539 265 3587 in
279 3551 325 3587 sua
341 3537 469 3587 canoniea
487 3537 609 3597 quosdam
627 3541 700 3585 vocat
715 3534 852 3597 animales,
866 3538 984 3599 spiritum
1002 3546 1055 3586 non

24 3600 40 3634 io
48 3602 125 3651 tentes.

39 3659 164 3732 ierttd'qut
175 3674 253 3724 soiius
263 3676 358 3724 anima
367 3673 465 3723 lumine
475 3670 584 3721 naturali
599 3670 718 3732 ducitur,
733 3676 758 3721 et
770 3674 806 3723 sic
818 3676 894 3723 etlam
905 3672 999 3733 tidelis,
1007 3674 1053 3735 oui

24 3739 86 3781 amen
99 3749 222 3806 sensuam
230 3746 345 3795 naturaie
357 3746 462 3793 rationis
473 3743 560 3791 lumen
568 3742 717 3803 plerumque
729 3746 851 3804 sequitur,
860 3750 885 3794 et
895 3747 935 3795 vir
947 3746 1057 3807 assurgit

23 3796 40 3843 ¹¹¹
50 3812 74 3848 ⁰³
84 3818 151 3867 ‚itin
164 3816 224 3864 sunt
234 3814 352 3864 sonabas
362 3818 388 3862 et
398 3812 490 3866 mucci
504 3812 647 3873 superiora,
659 3810 752 3861 dieitur
765 3814 892 3863 animalis.

41 3867 86 3926 Quo
97 3888 169 3931 unu
180 3882 316 3946 mnus,
329 3880 455 3948 mulus
465 3880 623 3942 rucuma,
637 3879 763 3946 canus,
775 3886 801 3933 et
811 3882 956 3935 mundum
968 3882 1054 3935 boma

24 3944 80 4002 iem,
94 3943 134 3999 bio
149 3950 215 4006 idem
230 3956 300 4006 sunt.
1047 3996 1054 4005 ,
