2559 4450
286 296 451 351 unr‘essx
468 286 692 359 sxao'sruro.
710 296 796 361 aaa.
817 306 871 362 vr.
1057 308 1114 365 aar

28 336 96 453 bon
107 384 200 455 magi
207 386 337 456 injuriam
345 392 489 460 accipitis?
510 400 577 449 netis
587 400 729 461 inlunem?
743 414 822 463 onere
837 414 890 453 uon
908 400 994 469 potiris
1008 400 1111 456 illatum

27 468 130 527 parare
158 479 218 519 non
244 468 334 539 magis
362 470 488 528 haudern
511 466 634 519 damnum
646 469 787 533 Numluli
894 513 899 517 -

26 542 196 607 patimini?
449 578 452 583 ·

27 648 28 651 =
72 622 101 672 8.
116 621 176 674 Sed
188 636 242 678 vos
252 624 382 692 injuriam
395 627 488 682 tacitis
540 631 588 683 Sed
601 632 714 685 econtra
734 647 779 686 ros
795 638 843 699 ipsi
854 637 977 698 intudem
991 640 1019 689 et
1035 637 1110 691 dam-

25 702 62 748 et
77 696 228 766 fraudatis,
239 708 266 755 et
278 704 333 757 hoo
343 704 485 761 fratribus.
508 713 573 751 num
593 702 709 765 intortis,
725 707 751 754 θῐ
765 703 814 754 ¹¹⁰⁰
826 706 867 755 V0¹
877 705 997 757 sitifim
1007 708 1109 759 Μή·

71 778 101 829 9.
114 778 160 829 An
173 780 305 848 nescitis,
319 783 384 851 quia
397 784 486 853 iniqui
539 784 579 835 An
603 786 725 847 ¹811⁰r⁸²¹⁵
737 784 805 849 quod
824 787 913 849 injusti
931 800 1039 851 menum
1061 788 1107 845 Μ

25 896 1109 927 -------------—---...-.......

64 982 106 1031 ltu
119 985 182 1034 anto
196 996 285 1035 omnes
296 985 325 1036 b.
343 986 553 1049 chrysostomus,
566 986 610 1048 qul
626 985 798 1050 quadruplum
808 983 853 1037 bio
867 989 964 1037 odmen
980 990 1105 1050 agnorlta

24 1050 154 1101 Primum
165 1056 263 1103 nesoire
276 1057 397 1116 injuriam
413 1055 494 1105 terre:
507 1054 650 1105 seeundum
659 1058 780 1119 injuriam
791 1055 887 1116 faeere3
899 1069 950 1105 una
965 1067 1023 1119 pars
1036 1061 1107 1111 enlm

23 1120 111 1169 alteri
136 1120 197 1170 taoit
212 1124 333 1182 injuriam
344 1144 350 1181 ;
362 1125 466 1173 tertium
488 1124 520 1173 ad
540 1126 641 1185 iniquos
658 1137 788 1174 recurrere
802 1144 809 1173 ε
822 1128 942 1187 suanum
959 1127 988 1179 in
1002 1125 1107 1179 datram

24 1188 137 1249 litigare
147 1209 155 1250 ;
166 1190 252 1250 sieque
264 1190 400 1241 fraternam
419 1193 569 1242 charitatem
581 1205 641 1243 eum
660 1192 779 1242 seandalo
790 1192 891 1243 ledere.

63 1259 137 1320 Sed,
150 1260 263 1323 inquies,
281 1264 448 1323 peceatumne
461 1266 499 1311 est
512 1261 656 1312 Christiano
666 1262 785 1325 lingeret
802 1276 848 1313 seu
859 1264 887 1313 in
896 1263 994 1325 judieio
1004 1277 1051 1315 sus
1065 1277 1107 1316 rs-

24 1332 146 1391 peteres

61 1399 211 1462 Respondet
225 1397 255 1450 n.
270 1396 399 1463 Thomas,
412 1404 470 1465 post
485 1399 619 1451 Glossema
634 1404 659 1451 1ο
668 1400 799 1465 portentis,
813 1402 906 1463 qubus
916 1402 983 1454 nihil
998 1406 1036 1453 est
1045 1416 1105 1468 pro·

25 1473 137 1531 prium,
149 1473 283 1533 peceatum
303 1475 356 1533 est,
370 1472 392 1521 si
404 1470 465 1533 quid
483 1472 510 1520 in
524 1470 621 1533 judieio
640 1476 776 1535 repetunt,
788 1474 860 1533 quasi
879 1476 1009 1535 proprium
1024 1492 1031 1523 ε
1045 1473 1105 1525 lieet

25 1546 123 1589 tamen
136 1540 172 1589 eis
188 1542 214 1588 in
228 1539 325 1601 judioio
340 1544 452 1603 repetere
470 1552 499 1589 ea
512 1553 568 1602 quoa
587 1544 649 1591 suni
661 1542 825 1602 eommunia;
839 1540 888 1590 boo
905 1543 975 1592 enlm
982 1578 992 1604 ,
1003 1543 1103 1606 lnquit,

26 1613 69 1658 est
83 1622 151 1670 opus
169 1608 299 1659 eharitatis
311 1609 457 1671 defendere,
468 1609 509 1660 rel
522 1622 671 1673 recuperare
685 1622 726 1659 res
739 1622 889 1673 pauperum.

62 1682 92 1726 2⁰
105 1678 230 1729 Omnibus
244 1681 375 1741 peceatum
395 1683 433 1729 est
450 1678 482 1728 ob
495 1681 561 1741 tria,
576 1684 600 1728 1⁰
620 1679 653 1728 ob
673 1674 776 1729 oaumm
794 1693 824 1730 ex
839 1694 889 1741 qua
904 1682 963 1743 quis
975 1681 1103 1743 Judlolum

25 1750 127 1809 habet,
142 1749 163 1797 si
178 1761 208 1798 ex
226 1748 363 1812 eupiditate
377 1753 402 1799 et
415 1751 536 1810 avaritia;
553 1752 579 1799 2ο
591 1750 622 1799 ob
635 1750 741 1799 modurn
756 1750 864 1811 indicii,
882 1753 905 1801 si
917 1765 977 1802 enm
995 1757 1103 1803 eonten-

26 1822 105 1868 tione
119 1820 145 1867 et
154 1817 307 1868 detrimento
315 1822 385 1882 pacis
393 1819 520 1881 judicium
533 1824 715 1884 prosequatur3
726 1824 752 1869 3⁰
764 1820 796 1868 ob
806 1824 993 1883 perversitatem
1000 1823 1101 1885 judieii,

27 1892 50 1937 si
65 1887 164 1948 injuste
175 1890 200 1935 el
213 1887 384 1937 fraudulenter
397 1888 531 1949 injudicio
547 1888 685 1951 prosedat;
698 1891 724 1936 40
733 1888 765 1936 ob
774 1886 931 1937 mandalum.

62 1962 93 2007 3ο
107 1958 145 2007 lix
161 1957 283 2007 charitate
294 1958 354 2007 lieet
363 1971 408 2007 sna
424 1958 556 2019 injudicio
568 1962 696 2020 repetere,
708 1958 730 2006 si
741 1958 779 2005 sle
794 1956 928 2017 injudicio
939 1957 1099 2022 procedatur,

28 2033 59 2077 nt
78 2027 145 2077 nihil
157 2026 201 2077 dat
214 2032 301 2077 eontra
313 2028 453 2088 justitiam,
469 2031 556 2077 eontra
573 2028 731 2077 ebaritatsm.

61 2098 137 2158 Quod
148 2104 208 2159 qnia
226 2097 293 2147 laetu
305 2095 482 2147 difficillimum
494 2116 501 2157 ς
516 2095 665 2160 plerumque
676 2098 746 2145 enlm
756 2095 828 2157 lites,
839 2108 892 2145 uon
910 2109 941 2146 ex
955 2096 1099 2160 charitate,

28 2168 76 2216 sod
94 2180 125 2217 ex
138 2166 282 2216 inordinato
294 2178 380 2216 rerum
395 2165 573 2230 temporalium
586 2177 686 2224 amore,
697 2167 872 2228 suscipiuntur
883 2178 891 2211 r
905 2164 1053 2228 plerumque
1069 2179 1100 2218 ex

28 2238 121 2286 litibus
139 2239 279 2287 naseuntur
288 2235 399 2300 piurima
410 2239 498 2286 eontra
510 2227 659 2285 ebaritdtem
669 2238 772 2297 peecata
784 2252 793 2295 ς
806 2234 915 2283 sinistre
925 2237 1099 2299 suspiciones,

28 2309 107 2368 odia,
132 2307 342 2367 obtrectationes,
360 2305 496 2367 vindictae,
515 2309 574 2366 eta,
586 2304 698 2368 plurima
717 2307 805 2354 oonlm
817 2304 963 2366 iustitiam,
979 2305 1099 2369 haudes,

29 2377 86 2426 doli
96 2414 103 2436 ,
112 2376 247 2436 falsitates,
257 2374 399 2425 calumnie.

62 2446 135 2495 Adde
147 2448 267 2508 temporis
274 2448 414 2506 jacturam,
427 2445 521 2494 mentis
532 2443 723 2495 usnaouonem
729 2477 737 2504 ,
748 2440 880 2494 salutisob
891 2442 1039 2506 temporalia
1050 2457 1099 2495 ne-

28 2517 196 2578 gligentiam,
208 2516 251 2564 bei
263 2515 425 2565 oblivionem.

61 2587 130 2635 Hine
147 2584 266 2635 oonoludi
280 2585 353 2634 debet
364 2584 431 2646 qnbd
442 2583 473 2633 lis
482 2583 586 2645 quidem
598 2593 651 2630 non
661 2582 732 2631 sitin
747 2594 775 2631 se
785 2582 847 2642 quid
856 2580 970 2643 malunu
983 2581 1027 2632 sed
1037 2584 1098 2635 inll-

28 2660 87 2706 nita
97 2656 280 2718 propemodum
294 2655 359 2706 mala
372 2667 460 2705 seeum
470 2655 607 2716 trabit;ita
618 2655 649 2702 ut
658 2653 691 2702 sit
703 2651 868 2702 inexhaustus
877 2651 1004 2702 malorum
1013 2658 1038 2703 et
1048 2657 1098 2706 ori-

30 2730 136 2776 minum
147 2727 257 2774 incautis
266 2725 380 2787 abyssus.

61 2799 149 2858 itaque
160 2793 318 2846 Christianus
329 2795 429 2844 obediat
439 2793 537 2845 Christo
549 2793 644 2844 diesnti
652 2791 741 2843 itatth
752 2793 776 2843 b.
785 2794 832 2844 lo:
845 2793 878 2843 Ei
884 2830 894 2853 ,
903 2793 1009 2856 putauit
1017 2799 1097 2845 eoum

27 2870 56 2917 iu
61 2866 162 2930 juds'os'o
173 2867 322 2923 contendere,
334 2870 356 2914 st
367 2865 477 2914 tutricem
488 2869 559 2914 tuom
570 2863 668 2921 tollere,
676 2863 773 2912 dimitte
782 2864 805 2912 et
814 2868 836 2912 st
843 2862 963 2926 pallium.
974 2863 1006 2914 Et
1015 2864 1077 2915 Luo.
1086 2884 1095 2916 a

29 2940 69 2986 Ab
83 2949 111 2985 eo
123 2947 167 2997 pus
183 2933 267 2997 aufert
281 2934 329 2983 tiit
338 2935 526 2992 uestimentum,
535 2932 611 2984 ettam
622 2933 734 2984 neam
746 2932 800 2983 solt
810 2933 984 2997 probibere...
1005 2933 1038 2984 st
1052 2933 1097 2997 put

30 3007 117 3068 aufert
129 3019 183 3067 poe
195 3011 240 3054 tuo
250 3010 325 3062 suot,
336 3017 367 3053 oe
382 3011 489 3067 repetas.
575 3013 578 3020 ·

60 3076 120 3124 iiten
141 3078 265 3137 precepta
284 3074 399 3134 bomini,
411 3077 448 3124 ait
461 3074 491 3124 b.
504 3073 627 3135 Thomas,
640 3086 693 3124 non
711 3076 773 3123 sunt
786 3084 885 3134 semper
898 3073 1052 3123 observanda
1068 3075 1096 3123 ln

29 3146 192 3196 exsecutione
207 3155 305 3205 opere,
327 3143 370 3193 sed
388 3157 486 3207 semper
504 3147 565 3193 sunt
579 3143 696 3192 habenda
710 3143 739 3190 ln
757 3143 939 3204 preparatione
955 3144 1035 3190 ammi
1046 3161 1054 3202 ;
1067 3145 1097 3192 ut

29 3215 128 3266 scilieet
139 3215 219 3263 simus
230 3216 310 3276 parati
327 3213 375 3264 boe
393 3211 490 3272 tacere,
506 3211 547 3262 vel
565 3213 707 3271 sustinere,
721 3210 894 3272 potiusquam
907 3208 1004 3270 aliquid
1022 3221 1096 3272 agere

30 3288 121 3334 contra
135 3283 285 3333 charitatem
299 3282 446 3333 fraternam.

63 3362 149 3419 Quare
159 3371 209 3407 noo
218 3357 302 3420 noph
311 3357 437 3420 iniustam
445 3355 589 3417 occipitia...
598 3352 648 3402 boe
659 3350 792 3423 Apostolus
802 3353 868 3413 parti
874 3350 940 3401 lass
950 3351 1021 3402 dielt.
1030 3352 1095 3403 lina-

28 3433 78 3481 bus
92 3431 162 3479 enim
180 3440 211 3478 aa
229 3431 312 3478 oensis
331 3430 471 3477 uaseumur
491 3425 548 3474 lites
560 3437 568 3472 ι
579 3423 620 3474 vel
639 3425 700 3485 quia
717 3433 831 3486 persone
845 3421 960 3486 inditur,
975 3421 1017 3474 rel
1034 3426 1094 3485 quta

31 3503 156 3551 damnum
167 3496 269 3560 aliquod
279 3499 306 3546 in
316 3489 497 3559 temporalibus
514 3493 633 3544 infertur.

61 3571 142 3631 Quare
157 3580 209 3617 non
232 3566 316 3630 potiris
337 3566 445 3627 injurias
460 3575 572 3626 persone
594 3561 694 3622 illatas,
712 3562 738 3610 et
752 3559 846 3610 minna
861 3562 890 3611 tu
913 3559 1094 3623 temporalibus

31 3643 96 3689 iaoia
109 3639 234 3700 patienter
245 3637 388 3695 sustinetis,
400 3633 477 3696 quam
488 3636 517 3682 ut
525 3632 622 3694 judlolo
633 3633 722 3681 eontra
734 3629 898 3692 inserentem,
907 3628 948 3680 vel
957 3631 1093 3695 injuriam,

29 3709 71 3759 vol
85 3707 207 3760 damnum
218 3703 397 3755 contendatis?

61 3779 87 3827 si
106 3779 203 3827 erimeu
220 3779 259 3824 est
274 3775 396 3834 injurtam
416 3785 469 3823 uon
487 3771 566 3833 terrm
583 3768 679 3834 quanto
698 3770 783 3831 mutus
797 3770 919 3832 iniuriam
936 3767 1039 3832 neers,
1056 3772 1093 3823 ait

32 3850 61 3899 ii.
73 3847 163 3910 Chrys.

61 3939 83 3985 8.
100 3935 148 3985 Sed
161 3947 204 3984 ooo
214 3931 339 3995 intumos
354 3931 436 3994 fosite
438 3965 487 3982 .....
498 3929 547 3980 hoo
556 3929 621 3993 parti
636 3923 821 3989 leaenarum
835 3926 879 3977 sed
895 3928 999 3993 vosipsi
1010 3931 1036 3981 et
1047 3931 1091 3982 ln·

31 4006 124 4068 iuriam
133 4005 159 4054 et
176 4001 300 4054 murrum
313 3998 461 4060 interimet
471 3997 520 4052 boe
531 3993 859 4083 hutrtbns‚ouod.erlnren
868 3998 954 4060 auget.
