2559 4450
285 257 458 318 rancun
475 243 705 318 insomnio.
723 257 847 315 cum
1058 259 1110 319 rr·

64 357 312 411 Prurs.-Utbunc
320 345 417 410 nntmn'
423 358 504 410 ritum
515 355 656 408 ordinatius
667 357 809 420 concipias,
819 357 844 406 st
853 356 881 406 in
888 357 987 420 praxim
995 355 1095 408 facilius

38 433 61 479 et
77 428 231 492 nepueutiris
247 427 361 490 redigusa
378 429 486 490 cuncipo
498 424 566 488 quod
580 424 696 478 Christus
705 427 735 477 in
745 437 823 476 croco
835 425 972 487 umatus,
988 431 1027 476 sst
1040 426 1112 478 om.

36 503 104 560 ritu,
112 503 137 549 ct
146 497 214 561 quun
225 497 287 549 fides
299 501 327 548 in
341 497 471 549 Christum
481 500 518 547 est
531 495 645 546 medium
654 509 705 558 qun
714 498 767 546 ritu
778 496 833 547 brec
844 497 859 546 i
869 496 968 546 Christo
977 507 1095 547 commu·

36 571 133 618 nicatur
148 570 219 619 omui
238 571 267 618 in
286 570 369 631 ipsum
381 568 509 628 credenti;
522 578 567 616 sen
582 565 645 617 fides
658 570 696 618 est
705 567 778 636 quusi
796 565 907 630 canulis,
918 578 969 632 qno
987 566 1002 618 b
1021 565 1096 619 corde

36 639 139 700 Christi,
152 640 206 689 ritu
217 639 276 692 fluit
288 639 317 690 in
330 648 374 688 cor
387 639 512 688 nostrum.
962 691 968 696 ,

62 709 161 760 Christo
171 709 273 772 itaque,
288 711 347 760 ritu
357 705 436 768 fonti,
447 706 605 770 frequenter,
622 703 675 757 irnb
691 708 812 759 continui
824 721 869 772 per
883 708 959 759 iidem
973 709 1098 771 iungam

36 784 61 829 ut
79 782 169 840 rivas,
183 781 287 842 ejusque
303 782 383 828 vitam
401 776 522 838 baurias3
540 780 565 826 et
582 781 611 825 ut
629 777 662 827 ab
679 779 799 829 omnibus
817 781 869 829 tuis
887 778 1050 840 unruochus
1069 780 1097 829 et

34 850 221 900 infirmitatibus
241 847 433 899 seuerissimi
451 847 466 896 i
486 846 645 910 serpentibus
660 847 786 898 ruiuerati
802 862 856 899 nou
871 850 1026 900 sanabantur
1044 848 1097 899 uisi

34 919 111 968 oculis
130 921 256 981 corporeis
272 918 418 980 Serpentem
438 929 554 976 aeneum,
573 918 601 965 in
619 929 696 966 cruce
714 917 867 979 exaltatum,
884 921 1044 981 aspicerem
1057 919 1097 977 sip

34 988 117 1038 nuilus
127 987 264 1038 hominnm
271 987 287 1038 a
295 989 418 1050 serpentis
429 984 561 1036 tniernuiis
570 988 734 1048 percussione
743 988 883 1048 sanabitur,
890 986 1099 1050 spiritualemque

34 1062 109 1109 titum
124 1061 307 1122 consequetur,
320 1057 370 1108 nisi
383 1055 463 1107 oculis
472 1055 531 1106 fidei
543 1055 673 1108 Christum
686 1058 715 1106 tn
727 1069 805 1108 cruce
818 1056 956 1108 exaltatum
966 1058 1084 1119 aspiciat.

59 1128 176 1178 Mortuus
186 1129 234 1178 esi
249 1125 329 1177 oculis
341 1125 400 1176 fidei
413 1127 510 1188 respice
522 1124 609 1176 iesum
621 1125 787 1187 crucifixum
799 1127 879 1190 ipsius
895 1138 964 1176 mors
981 1127 1030 1181 crit
1043 1127 1097 1183 riis

34 1204 75 1247 tua
88 1217 94 1246 ι
105 1197 243 1261 languidus
251 1210 279 1248 es
290 1200 315 1247 et
323 1196 440 1247 infirmus
448 1199 460 1245 :³
468 1194 549 1246 oculis
561 1193 619 1245 fidei
633 1198 730 1260 respice
739 1197 826 1247 Jesum
838 1197 1003 1260 crucifixum,
1015 1200 1041 1248 et
1048 1208 1096 1259 pro

35 1273 56 1316 to
65 1268 244 1331 languentem
254 1269 334 1331 ipsius
344 1265 506 1328 languoribus
517 1264 655 1315 sanaberis.
665 1264 754 1316 Viris?
763 1266 843 1317 oculis
853 1266 912 1318 tidei
926 1268 991 1319 rire
998 1268 1097 1338 respice

36 1338 196 1399 crucifixum.
209 1337 389 1398 rltoefontern,
401 1341 427 1386 et
440 1338 521 1386 ritum
531 1335 635 1386 babebis
650 1336 871 1388 abundantiorem.

61 1408 237 1468 Orestarum,
254 1407 335 1468 stilla,
347 1405 455 1456 munde
473 1404 540 1455 mint
557 1406 656 1456 ultumi
675 1405 790 1471 cbristo,
811 1407 859 1458 iiiii
871 1405 916 1458 nu
932 1408 1002 1469 rivi,
1021 1407 1097 1458 credo

37 1477 100 1538 quud
113 1480 183 1540 ritu,
195 1479 347 1530 resurrectio
358 1479 384 1528 et
396 1478 456 1526 ritu
468 1473 525 1526 fons
540 1487 567 1524 es
581 1493 587 1524 a
602 1477 697 1528 auimo
707 1476 766 1539 ergo
778 1489 857 1539 men,
871 1477 918 1546 tibi
928 1481 954 1527 et
964 1479 993 1528 tn
1002 1480 1029 1528 te
1038 1490 1097 1530 crs·

37 1549 111 1608 denti,
121 1547 154 1597 du
164 1549 261 1609 ultam,
272 1551 297 1596 st
307 1547 386 1597 vitam
397 1543 607 1596 abundantiorem
615 1564 624 1607 ;
633 1547 729 1610 inspira
738 1547 858 1600 continue
869 1549 897 1597 in
908 1546 999 1602 nciam
1009 1561 1096 1602 meam

38 1616 192 1678 spiraculum
203 1619 270 1684 rita,
280 1620 306 1669 et
314 1629 359 1684 per
371 1618 444 1668 tuum
453 1615 559 1681 gratiam
570 1613 617 1668 tias
626 1616 655 1670 iu
665 1629 708 1670 ms
716 1612 772 1673 tous
780 1619 859 1691 pirus
869 1616 963 1675 saliem
975 1619 1095 1682 iurttrnr

36 1693 161 1742 uternam.
