2559 4450
135 325 217 408 'ros
387 332 403 381 ·'
461 350 664 406 nrrsrosn
683 341 933 408 rnnournu's

189 445 256 498 ilinc
268 443 410 510 concludo,
421 446 489 510 quod
500 449 616 512 spiritns,
628 460 681 498 non
690 459 763 514 caro,
775 441 777 448 ’
820 451 1080 520 laurentinus,
1090 451 1230 507 debitores

159 515 233 565 nobis
250 512 324 564 debet
337 515 477 577 dominari,
490 519 550 578 qnia
564 519 665 581 spiritui
677 519 764 567 omniu
787 543 884 584 sumus
895 543 954 584 non
970 532 1060 597 camp,
1075 537 1107 584 up
1127 545 1231 586 mun.

160 583 294 643 debemus,
306 583 371 632 nibil
385 588 473 635 antem
485 588 566 636 carni.
579 586 652 636 Abslt
664 598 723 648 ergo
735 588 764 635 ut
787 607 854 662 (mm
866 622 979 664 carnem
988 609 1123 663 vivamus·

44 658 59 684 ⁶
160 653 215 704 hec
230 653 302 702 robis
314 653 469 707 dominetur.

190 722 216 771 Si
232 724 302 772 enim
314 724 456 774 secundum
466 727 550 774 carnis
558 723 683 775 desideria
693 725 764 774 rire·
820 738 866 788 45,
877 692 908 787 sp
917 731 993 788 enim
1002 731 1159 788 secundum
1167 748 1232 788 θρῖ-

159 792 226 853 aille,
235 793 396 855 moriemini,
404 797 430 843 ot
441 798 523 844 morto
533 794 630 858 culpae,
644 799 669 843 et
681 797 764 844 morte
786 825 852 866 nem
864 812 999 878 vixeritis,
1011 811 1172 868 moriemini
1185 831 1192 867 :
1207 814 1230 866 si

159 861 280 924 prema
297 867 415 914 uterne:
435 865 457 913 si
473 867 559 914 auum
574 865 666 926 spiritu
685 875 764 926 liiii
786 897 880 944 autem
912 887 1010 955 spiritu
1032 889 1107 944 faeta
1138 892 1232 946 carnis

159 933 245 1064 ffl:
256 931 570 1064 gffifflizlffimffls'
578 933 669 982 rivaus
680 930 764 982 emm
786 966 1036 1032 mortificaveritis,
1049 967 1159 1022 vivetis.

189 1066 350 1131 Quicumque
373 1072 443 1120 enim
465 1069 571 1133 Spiritui
593 1069 687 1120 Sancto
704 1071 763 1119 ani·
820 1081 865 1132 14,
879 1078 1053 1148 Quicumque
1069 1080 1146 1133 enim
1165 1081 1231 1147 spi.

71 1192 75 1203 ,
159 1141 238 1201 muti,
249 1153 353 1192 emnem
363 1139 534 1201 mortificant,
549 1141 680 1222 uitamque
689 1141 763 1222 spiri·
786 1159 841 1212 ritu
859 1157 909 1213 Dei
926 1163 1056 1228 aguntur,
1066 1158 1087 1212 fi
1099 1163 1165 1214 sunt
1180 1159 1229 1213 fiffi

158 1209 255 1260 tualem
274 1213 381 1272 vivunt3
394 1213 413 1260 ii
435 1215 496 1260 sunt
516 1208 576 1259 uere
591 1207 637 1259 filu
652 1209 715 1284 Dei,
738 1212 763 1260 ct
786 1237 846 1290 Dei·
1274 1235 1275 1238 ¹

159 1291 220 1328 cum
232 1290 262 1327 eo
272 1281 360 1329 vivent
372 1281 400 1328 lu
413 1283 547 1329 aeternum.
826 1355 830 1360 .
981 1357 985 1363 Ι

159 1448 192 1498 de
206 1449 293 1499 Saaob
305 1449 416 1530 Spiritus
426 1449 585 1512 plenitudine
595 1433 718 1512 receperit
725 1466 734 1508 ;
750 1445 780 1497 ed
791 1445 849 1510 plus
860 1458 951 1509 corpus
961 1448 1077 1498 nostrum
1088 1446 1119 1498 de
1134 1446 1230 1499 Christi

120 1536 125 1551 Ι
158 1516 504 1646 Ἓξᾱρζὲἓᾟξέζοηῦὺε
516 1588 541 1636 ct
552 1585 689 1635 Instantius
702 1587 787 1648 petere
804 1583 944 1634 debemus?
953 1581 1031 1646 Veni,
1044 1583 1136 1636 Sancte
1148 1589 1229 1650 spiri-

159 1658 215 1704 tus!
225 1655 334 1716 Spiritus
344 1657 418 1705 ritui
430 1655 486 1705 ions
505 1655 612 1706 salutis!
627 1655 699 1705 radix
712 1654 908 1706 immortalitatis
919 1656 925 1703 i
937 1655 1036 1718 posside
1046 1668 1089 1706 cor
1101 1660 1126 1706 et
1137 1670 1229 1721 corpus

159 1737 256 1776 meum.

191 1811 230 1862 it.
242 1811 311 1874 Eupo
322 1807 422 1874 buum,
434 1809 557 1873 debitorec
572 1821 661 1860 mutus
662 1843 710 1860 .....
722 1807 856 1858 Conclusio
868 1811 906 1858 est
916 1821 947 1858 cx
956 1811 1157 1872 precedentibus
1170 1825 1176 1857 ι
1189 1814 1228 1863 lo-

158 1881 246 1945 quitur
261 1885 348 1930 autem
362 1880 495 1944 Apostolus
507 1881 640 1940 decarne,
655 1882 721 1929 sicut
733 1879 809 1943 sopri
820 1879 851 1929 de
860 1884 981 1942 pcccato;
993 1881 1086 1944 idest,
1099 1885 1148 1947 ipsi
1159 1885 1228 1936 reiut

158 1963 288 2018 personae,
301 1952 445 2002 dominium
462 1954 487 2001 ot
499 1964 606 2013 regnum
619 1951 725 2012 afflugit.
1054 1984 1057 1990 ,

163 2035 166 2039 ·
188 2021 244 2070 Non
260 2035 335 2082 caro,
353 2021 397 2071 sed
411 2023 515 2084 spiritus
528 2021 601 2070 nobis
619 2021 693 2070 debet
704 2019 828 2068 dominari
844 2039 851 2068 a
864 2019 968 2082 Spiritui
985 2025 1072 2085 eninr,
1090 2037 1143 2076 non
1155 2031 1226 2078 carni

158 2089 292 2152 debemus,
308 2089 723 2154 quidsumuscbristian13qubd
740 2091 826 2137 anima
841 2093 926 2138 nostra
942 2092 1006 2140 vivit
1021 2094 1073 2142 rita
1087 2099 1190 2158 gratia,
1204 2103 1227 2147 et

158 2160 186 2210 ln
202 2165 325 2212 niernum
341 2162 440 2211 uictura
461 2163 495 2210 slt
512 2160 564 2209 viti
577 2159 677 2221 gioriae3
691 2157 758 2220 quod
772 2162 796 2206 et
812 2160 896 2208 nostra
912 2171 1016 2222 corpora
1030 2175 1060 2211 ex
1078 2167 1228 2218 mortalibus

157 2228 243 2280 futura
257 2233 308 2282 sint
322 2231 476 2281 immortalia
489 2251 495 2281 ε
509 2243 567 2294 ergo
578 2230 719 2289 secundum
730 2229 800 2279 hunc
813 2229 857 2279 Dei
871 2232 988 2292 spiritum
999 2234 1083 2284 vivere
1096 2235 1226 2303 debemus,

156 2314 208 2352 nou
222 2301 358 2351 secundum
371 2314 481 2350 curum.
785 2319 803 2341 a

131 2414 134 2419 -
190 2387 229 2435 13.
243 2384 272 2433 Si
287 2386 352 2434 cuim
373 2382 509 2435 secuudum
526 2396 625 2434 curnem
644 2382 773 2440 vixeritis,
794 2381 952 2441 moriemini,
973 2388 1054 2435 morie
1076 2386 1175 2452 cnlpae,
1199 2396 1226 2443 in
1273 2388 1274 2391 ’

157 2456 289 2519 praesenti;
308 2458 390 2505 morte
403 2454 575 2503 damnationis
596 2456 709 2510 aeterne,
721 2454 749 2499 in
769 2450 874 2505 iuturo:
889 2452 925 2501 uit
942 2452 971 2503 D.
989 2452 1079 2505 Thom.
1097 2458 1127 2506 si
1142 2468 1227 2510 autem

156 2524 251 2586 spiritu
264 2524 331 2586 fucta
341 2526 439 2584 carnia,
451 2524 478 2573 id
494 2528 532 2571 est
541 2559 548 2583 ‚
555 2535 633 2585 prava
646 2520 769 2570 desideria
785 2521 817 2570 ad
829 2527 963 2584 peccatum
974 2524 1126 2578 inclinantia
1139 2534 1227 2581 morti·

157 2594 309 2656 piccucritis,
319 2596 424 2651 cinctis,
437 2592 521 2641 attilii
534 2592 579 2641 liei
590 2628 598 2651 ,
609 2591 662 2639 viti
673 2593 759 2653 gratiae
775 2604 845 2642 nnnc
857 2630 864 2654 ,
877 2592 930 2644 vitd
945 2593 1029 2655 gloriae
1044 2598 1072 2645 in
1083 2598 1163 2649 coelis.
1273 2592 1274 2599 ’

188 2679 227 2727 ti.
242 2663 396 2736 Quicumque
404 2676 470 2723 enim
485 2674 641 2736 spirituum·
655 2680 768 2735 upuutur
769 2710 828 2725 ......
840 2675 931 2725 Probat
941 2678 1008 2738 qnod
1022 2678 1101 2742 dixit,
1114 2684 1225 2735 uinetis.-

155 2747 214 2808 quia
225 2781 233 2806 ‚
247 2747 292 2805 qui
305 2746 320 2792 a
330 2746 430 2807 Spiritu
439 2744 532 2793 Sancto
546 2746 616 2793 intus
627 2745 800 2806 inhabitante,
813 2750 974 2810 pergratiam
984 2757 1097 2812 upuutur
1108 2773 1117 2802 .·
1129 2756 1225 2805 scilicet

156 2812 269 2877 (Syrus,
284 2812 413 2862 ducuntur
423 2849 430 2873 ‚
442 2816 564 2875 reguntur
573 2811 626 2877 ),et
640 2814 702 2864 huic
718 2818 821 2877 gratia,
836 2829 880 2865 seu
894 2816 980 2867 Sancti
990 2820 1099 2882 Spiritus
1114 2826 1225 2874 motibus
1273 2838 1274 2845 ¹

156 2883 357 2943 consentientes,
370 2895 414 2933 seu
426 2882 586 2945 obedientes,
599 2897 676 2947 opera
689 2888 774 2935 curnis
785 2888 940 2937 mortificant
949 2926 955 2948 ‚
964 2894 989 2938 et
1001 2892 1143 2953 spiritualia
1155 2908 1224 2943 erer-

154 2953 214 3005 cent
222 2951 251 3071 HS
258 2964 318 3085 se31,
329 2957 358 3006 ut
369 2955 406 3003 ait
419 2951 562 3019 AEthinpica
571 2957 667 3015 versio,
680 2968 768 3005 omnes
781 2958 825 3018 qui
836 2962 960 3020 peragunt
971 2970 1000 3008 ea
1010 2994 1017 3021 ,
1026 2972 1083 3023 qun
1095 2967 1157 3013 sunt
1167 2966 1222 3028 Spi-

155 3022 220 3074 rltds
252 3024 275 3071 ci
314 3041 321 3071 c
589 3044 593 3049 ·

161 3103 165 3111 ¹
184 3094 219 3143 lii
233 3093 292 3144 vere
303 3098 362 3143 runt
369 3092 431 3143 litii
441 3091 488 3143 bei
496 3131 503 3155 ,
515 3097 541 3144 et
556 3094 738 3157 consequenter
753 3094 867 3145 haeredes
884 3094 969 3158 illius,
982 3101 1013 3147 ut
1030 3098 1130 3153 dicetur
1141 3116 1168 3153 n.
1185 3108 1220 3155 17.

154 3167 180 3218 tt
198 3163 254 3214 ideo
266 3166 358 3214 vivunt
372 3178 432 3214 cum
443 3163 496 3215 iiio.

182 3233 259 3283 Notat
271 3232 315 3283 hio
326 3232 356 3283 li.
367 3233 456 3297 Chrys.
466 3232 534 3295 quod
545 3244 597 3285 non
609 3234 700 3285 dixerit
714 3234 847 3298 Apostolus
860 3256 866 3284 :
881 3239 1036 3300 quicumque
1047 3240 1172 3304 Spiritum
1180 3258 1223 3295 ac-

152 3305 289 3367 ceperunt;
298 3300 325 3351 hi
337 3306 397 3353 suni
407 3302 505 3353 iiilillei
518 3307 578 3354 :sed
596 3307 747 3367 quicumque
761 3306 860 3367 Spiritu
875 3306 921 3356 Dei
932 3316 1057 3369 npuutur,
1074 3310 1221 3377 ducuntur,

152 3380 291 3440 reguntur,
304 3378 333 3425 ut
344 3375 460 3425 ostendat
471 3375 537 3436 quod
556 3388 608 3425 non
620 3376 714 3425 sufficit
727 3376 850 3438 Spiritum
863 3372 985 3427 Sanctum
997 3381 1025 3429 in
1043 3380 1172 3445 baptismo
1186 3400 1221 3435 re

153 3449 265 3509 cepisso;
276 3445 319 3497 sed
330 3451 451 3509 preterea
464 3447 573 3509 requiri,
587 3451 617 3500 ut
631 3448 646 3495 i
661 3446 756 3509 Spiritu
775 3444 867 3496 Sanum
877 3459 1010 3511 regamur,
1025 3462 1106 3513 eoque
1117 3455 1184 3507 duco
1200 3461 1223 3506 et

152 3519 250 3564 rectore
263 3512 316 3562 rltd
329 3514 455 3578 spirituali
471 3518 496 3566 et
509 3513 628 3564 Deliormi
640 3516 767 3565 uiuamus.

182 3584 221 3632 lix
229 3580 317 3632 eodem
329 3582 358 3631 Ι).
369 3580 460 3647 Chrys.
473 3588 526 3633 rion
537 3586 624 3633 nostro
638 3582 759 3633 debemus
774 3584 891 3633 instituto
901 3586 1004 3648 rivere;
1020 3588 1063 3639 sed
1075 3602 1132 3653 nos,
1141 3594 1168 3643 ld
1176 3598 1222 3654 est,

153 3656 179 3703 et
189 3666 280 3717 corpus
296 3656 321 3703 et
331 3654 445 3704 unimam
457 3652 577 3705 debemus
590 3653 695 3719 Spiritui
704 3652 748 3703 liei
762 3654 895 3717 subjicere,
904 3658 933 3705 ut
943 3658 1105 3719 gubernatori
1117 3668 1223 3729 nauigii,

152 3725 288 3789 utaurigm
301 3727 397 3773 nostro.
593 3740 601 3751 ·
650 3737 664 3758 e
698 3724 704 3733 ”

158 3789 164 3797 ’
182 3792 247 3843 lliud
261 3796 362 3856 autem,
378 3794 435 3857 agi,
448 3794 499 3855 regi
512 3831 518 3855 ,
533 3792 668 3855 gummari
678 3832 685 3855 ,
697 3806 781 3855 neque
794 3799 968 3861 coactionem,
981 3808 1064 3861 necue
1081 3806 1223 3853 necessita-

151 3865 205 3913 tem
220 3864 352 3924 lmpmtut,
372 3860 416 3912 sed
433 3863 590 3923 motionem,
607 3876 651 3911 seu
667 3864 793 3925 passivam
808 3868 899 3915 nostrae
915 3866 1054 3917 voluntatis
1072 3870 1222 3922 inclinatio-

152 3945 226 3991 nem,
238 3944 293 3994 qun
309 3945 361 3982 non
377 3930 488 3996 excludit
498 3929 655 3999 libertatem,
669 3932 720 3994 qut
735 3931 811 3985 homo
821 3936 873 4000 ipse
887 3942 960 3999 agat,
975 3940 1000 3988 et
1019 3939 1133 4003 seipsum
1146 3949 1221 4007 agat,
1272 3976 1273 4005 t

127 4010 134 4024 ·
152 4004 251 4068 sginum
262 4002 403 4063 cingimus.
1272 4008 1273 4019 ¹

184 4065 1211 4145 iunuespirituriramita,rosmrr,spirituuuiuiutertctcmuocuptdltates
