2559 4450
302 298 475 359 sarrana
492 301 718 362 arrosrrro.
737 303 819 362 orn.
838 305 862 361 r.
1055 273 1115 363 ‘ssa

39 386 127 450 multi
161 393 302 465 sapientes
337 401 491 455 secundum
513 414 564 451 non
584 401 678 452 multos
697 405 827 466 reperietis
851 399 995 454 interillos
1017 401 1112 454 umuli

40 485 170 539 carnem,
180 489 239 529 non
252 477 333 530 multi
343 484 488 546 potentes,
513 471 651 535 sapientia,
663 471 777 537 potentia
794 475 820 523 et
838 471 969 525 nobilitate
985 471 1112 538 pronos.

38 565 102 604 non
118 551 201 604 multi
211 553 340 608 nobiles:

75 631 125 682 2⁷.
145 627 202 683 Sed
229 643 292 698 quae
323 634 406 688 stulta
424 641 490 689 sunt
542 645 591 696 secl
612 657 655 696 eos
675 644 750 706 elegit
766 643 848 706 Deus,
864 658 927 707 onos
944 643 1015 694 seint
1028 644 1112 696 latnos

38 706 146 760 mundi
162 707 245 776 elegii
262 712 352 776 Deus,
369 716 400 765 ut
419 728 490 767 con·
512 716 612 777 reputat
626 712 755 773 mundus,
768 717 798 763 ut
815 715 939 776 sapientes
956 711 1112 774 coniundaip

37 785 144 838 fundat
156 786 298 854 sapientes
311 805 318 841 ς
332 794 360 843 01
379 790 489 845 infirma
512 786 537 832 et
550 783 646 843 eosqui
657 781 752 832 nulllus
765 783 793 831 iu
802 779 898 830 mundo
910 784 970 832 sunt
978 781 1113 844 patenas,

36 861 145 916 muudi
165 864 248 932 etegit
269 867 357 932 pens,
370 872 402 920 ur
421 881 490 922 eon·
512 855 667 915 utpotentes
677 850 757 901 seculi
770 849 919 901 confundat.

36 940 145 994 fundat
158 941 242 995 fortia
255 957 263 994 t

75 1020 126 1073 ²⁸·
140 1021 174 1072 m
185 1019 317 1086 ¹8⁰0bffi³
332 1022 445 1088 mundi,
461 1028 488 1076 0¹
541 1029 574 1080 lit
587 1027 724 1092 ignobiles,
737 1032 762 1078 et
772 1027 915 1090 despectos,
927 1030 952 1077 et
966 1039 1013 1091 pro
1031 1027 1112 1078 nihilo

37 1097 264 1165 contemptihssia
273 1098 354 1166 elegit
365 1103 448 1165 heus,
461 1106 489 1153 et
511 1097 610 1148 habitos
621 1101 650 1149 in
668 1097 778 1157 mundo,
790 1097 856 1146 Deus
867 1095 958 1157 elegit,
970 1099 999 1145 ut
1016 1107 1045 1144 ea
1055 1105 1113 1156 qun

38 1187 75 1225 ea
91 1186 158 1240 quae
168 1186 227 1227 non
241 1180 323 1239 sunt,
337 1180 369 1227 ut
380 1188 413 1229 ea
425 1189 488 1242 quae
511 1171 572 1218 suut
589 1171 616 1218 ln
634 1180 726 1229 magno
740 1169 822 1230 pretio
840 1165 994 1228 destrueret,
1014 1165 1113 1216 soillott

38 1256 111 1302 sunt
123 1249 305 1304 destrueret:
511 1237 911 1300 nobiles,potentes,saplentes.

76 1331 125 1382 29.
140 1329 175 1382 Ut
184 1343 242 1382 nou
254 1329 387 1397 glorietur
397 1330 488 1385 omnis
541 1333 644 1394 lloeque
672 1334 771 1391 totum,
796 1333 826 1380 ut
851 1328 939 1379 nullus
962 1325 1111 1378 mortalium

37 1420 111 1461 caro
121 1405 153 1460 iu
163 1414 316 1476 conspectu
327 1406 398 1476 ejus.
511 1400 702 1534 {effigium
721 1410 850 1463 quoquam
866 1397 986 1460 glorietur
1002 1395 1070 1462 (nisi
1082 1398 1111 1446 in

75 1657 163 1708 Videte
173 1659 328 1710 emotionem
343 1666 453 1712 eunom
459 1677 470 1723 ,·
482 1660 509 1711 lh
518 1663 556 1711 est
565 1696 572 1721 ,
580 1664 606 1710 et
614 1662 734 1711 vocantes
745 1661 771 1710 et
782 1660 885 1710 vocatos
892 1676 901 1720 ς
910 1654 1020 1717 seilicet,
1028 1651 1111 1704 sidau
1186 1680 1190 1690 ·

36 1726 132 1789 quales
142 1729 203 1778 sint.

71 1800 115 1847 27.
129 1797 179 1848 Sco
194 1808 250 1859 ouo
260 1797 340 1849 statuo
354 1804 413 1851 suot
428 1799 546 1851 muudi...
558 1799 607 1850 Sed
617 1799 684 1851 heus
694 1811 736 1850 eos
750 1798 824 1861 elegit
835 1810 912 1861 quos,
922 1797 954 1848 oh
963 1794 1111 1860 simpliciu-

37 1871 96 1914 iem
109 1868 137 1914 et
151 1867 320 1928 ignorantiam
330 1903 338 1928 ,
349 1871 422 1930 qussi
434 1868 524 1919 stultos
539 1873 640 1932 reputat
650 1869 778 1929 mundus;
790 1873 819 1918 ut
832 1867 968 1930 moritudot
979 1867 1109 1929 supienter.

38 1939 73 1985 Et
96 1938 202 1997 eosqui
220 1936 316 1986 nullius
333 1941 395 1987 sunt
415 1941 443 1988 in
461 1940 559 1989 mancio
569 1939 704 2001 potentio,
718 1937 844 2001 ploheios;
862 1943 891 1986 ut
907 1936 1054 2000 confundat,
1066 1935 1109 1986 Gr.

37 2004 198 2068 pudeiaoiat.
212 2005 269 2068 Syr.
280 2006 377 2069 pudore
391 2007 501 2070 afficiat,
512 2007 591 2071 [ostio
600 2029 609 2057 .·
617 2007 696 2068 hujus
707 2007 787 2056 woull
800 2009 924 2070 potentes.

72 2095 115 2142 28.
131 2093 163 2142 lit
173 2093 300 2156 ipoohiiio
311 2094 430 2145 muudi...
445 2095 477 2144 lit
486 2094 608 2157 ignobiles
621 2099 646 2144 et
662 2093 807 2157 despectos,
820 2097 845 2143 et
860 2092 997 2155 pronihilo
1010 2093 1110 2144 habitos

37 2166 68 2212 in
90 2162 189 2212 montio
208 2163 275 2213 Deus
292 2163 366 2227 elegit
379 2171 409 2214 ut
426 2167 562 2216 destrueret
581 2177 623 2216 eos
645 2168 689 2228 qui
709 2167 736 2214 in
757 2176 848 2227 magno
872 2163 997 2214 habentur
1014 2167 1107 2229 pretio,
1197 2173 1202 2184 ·

38 2233 143 2283 scilicet
158 2232 270 2296 nohiles,
283 2238 411 2297 potentes,
428 2238 567 2298 sepientes,
577 2247 670 2299 eosque
686 2237 757 2297 quasi
776 2233 842 2285 nihil
858 2246 912 2285 esse
927 2236 1077 2286 ostenderet.

71 2317 115 2364 Eo
129 2326 186 2377 quo
198 2328 248 2365 ooo
256 2323 331 2379 suot;
343 2316 431 2379 idest,
443 2330 500 2382 quae
513 2317 579 2369 nihil
593 2330 648 2368 esse
662 2321 828 2381 reputantur,
837 2332 868 2369 oo
879 2330 934 2381 quo
949 2318 1060 2369 suotricl
1070 2320 1108 2371 esi

37 2398 100 2448 quaa
115 2388 202 2447 magni
217 2389 383 2439 estimantur.

72 2457 134 2505 Tris
145 2456 256 2506 mundus
271 2459 379 2507 aestimat
395 2461 420 2507 et
432 2460 540 2509 miratur
554 2477 562 2508 e
576 2458 743 2522 sapientiam,
760 2458 917 2521 potentiam,
933 2456 1090 2509 nohiliiaieur
1098 2478 1107 2521 ς

37 2526 98 2575 haeo
118 2525 169 2573 tria
188 2523 253 2575 Bous
268 2528 362 2588 sprevil
380 2528 407 2576 in
420 2528 556 2578 hominum
568 2530 700 2579 vocatione
713 2526 746 2579 ad
759 2527 886 2589 salutem
901 2526 916 2577 ὸ
929 2531 1034 2589 eontra,
1046 2530 1108 2579 insi·

38 2596 185 2657 pientiam,
196 2595 384 2656 impotentiam,
396 2599 421 2646 et
432 2596 615 2658 ignobilitatem
626 2596 660 2647 ad
674 2595 807 2647 salvandos
820 2596 936 2647 homiues
947 2596 1029 2659 elegit.

71 2663 122 2723 Qui
134 2674 166 2711 ex
176 2662 256 2711 nihilo
271 2662 366 2713 iecerat
380 2669 465 2715 omnia
477 2702 484 2726 ,
497 2678 529 2715 ex
537 2666 722 2729 privationibus
737 2667 864 2730 reparavit
874 2668 970 2716 omnia.
985 2665 1031 2716 Per
1043 2668 1107 2717 iusi-

38 2736 143 2796 pientes
165 2730 252 2780 (locuit
268 2733 359 2782 mundi
379 2736 523 2796 sapientes;
540 2739 565 2785 et
577 2749 623 2799 per
641 2734 755 2785 infirmos
774 2739 800 2785 et
815 2737 964 2798 impotentes
980 2738 1109 2799 superavit

39 2804 138 2863 lieges3
149 2812 238 2851 omnes
247 2802 325 2851 meoli
337 2808 471 2868 potestates
476 2823 485 2867 ;
496 2816 542 2868 per
553 2804 674 2867 ignobiles
683 2818 786 2857 omnem
794 2804 939 2857 humiliavit
950 2806 1107 2857 nobilitatem

39 2878 66 2921 et
80 2869 256 2921 excellentium
270 2872 437 2922 mundanam.

72 2963 116 3010 29.
132 2960 163 3011 ut
176 2972 227 3009 ooo
238 2959 362 3023 placicius
377 2960 458 3011 omnis
471 2975 563 3014 coro...
573 2962 651 3013 homo
664 2963 679 3012 i
691 2968 762 3027 paria
779 2964 820 3015 sui
835 2962 924 3013 viliore
939 2976 998 3015 earo
1012 2964 1107 3015 dieitur

40 3030 74 3079 ad
90 3030 216 3089 majorem
228 3027 432 3080 humiliationem
447 3044 454 3079 τ
468 3033 540 3092 quasi
560 3030 656 3082 diceret
670 3051 676 3080 ε
691 3032 818 3092 Mortalis,
833 3036 861 3081 ut
877 3031 942 3083 nulli
959 3033 1114 3086 mortalium·

40 3100 145 3149 occasio
157 3096 230 3148 detur
240 3099 353 3159 iactandi
364 3112 391 3149 se
403 3103 522 3150 vocatum
532 3138 540 3161 ,
549 3103 602 3151 sive
611 3100 878 3167 all-Christianismum
887 3137 893 3160 ,
903 3102 956 3150 sive
967 3101 1000 3151 sd
1011 3114 1107 3155 munus

40 3166 234 3231 Apostolleum,
248 3166 290 3219 acl
307 3168 339 3219 ob
360 3172 509 3230 solentiam,
522 3170 562 3221 vel
578 3171 610 3220 oh
625 3170 750 3219 natalium
770 3170 942 3231 nobilitatem,
953 3170 994 3220 vel
1011 3172 1043 3221 oh
1058 3184 1107 3235 po-

41 3240 169 3297 tentiam,
180 3236 263 3287 seloh
276 3236 326 3287 alia
337 3239 457 3301 praeclara
475 3241 565 3289 merita
578 3258 586 3289 r
601 3240 645 3289 seri
659 3250 690 3289 ex
700 3252 769 3289 mera
780 3238 825 3288 liei
838 3241 927 3300 gratia.

71 3308 141 3356 ilino
159 3306 187 3354 in
205 3306 321 3355 omnium
337 3306 483 3359 monalium
505 3307 624 3358 cordibus
644 3308 794 3358 annihilatio
816 3319 902 3357 coram
921 3307 988 3369 lieo,
1004 3310 1058 3359 sive
1077 3312 1106 3363 in

41 3375 356 3438 nohilihus,potentlhus,
368 3378 538 3439 sapientibus3
551 3378 611 3437 quia
629 3380 731 3439 propter
749 3378 919 3437 arrogantiam
934 3390 1007 3427 suam
1024 3379 1039 3427 a
1055 3380 1105 3429 lieo

41 3446 200 3507 contempti,
214 3444 336 3507 neglecti,
348 3446 482 3509 repudiati.
501 3446 532 3496 ut
547 3449 616 3497 enlm
626 3447 691 3496 bene
701 3450 772 3497 notat
782 3445 999 3508 Theophylaotus,
1013 3447 1039 3496 ici
1052 3460 1105 3498 non
1165 3499 1170 3508 ,

41 3530 72 3565 ex
84 3514 209 3577 primario
219 3512 264 3561 liei
274 3514 380 3564 oonsilio
392 3513 488 3565 iactum
499 3518 555 3564 est:
568 3514 612 3565 sed
622 3518 725 3578 propter
741 3516 909 3575 arrogantiam
920 3526 993 3564 sunm
1007 3514 1104 3575 indigni

41 3587 105 3637 iacti
123 3586 186 3633 sunt
204 3582 381 3645 predicatione
399 3583 545 3647 Evangelii,
563 3586 667 3647 ejusque
686 3585 857 3647 susceptione,
871 3586 925 3634 sire
941 3585 969 3635 iu
986 3582 1104 3647 plebeiis,

41 3650 346 3717 lgnohilihus,in‹loetls;
359 3656 418 3714 qula
434 3665 464 3702 ex
474 3664 544 3701 mero
556 3652 600 3701 liei
615 3652 772 3716 heneplacito
788 3655 919 3716 assumpti.

74 3721 129 3772 soit
143 3731 202 3782 ergo
211 3720 262 3770 ueo
271 3723 364 3782 muas
374 3720 483 3772 scierant
497 3720 608 3771 humiles
622 3726 648 3771 et
663 3724 736 3785 grati.

23 3826 25 3882 ᾖ
74 3792 179 3908 llinonet
186 3787 280 3909 edilimss'i
286 3790 399 3853 qusquis
413 3792 462 3853 sis,
472 3801 574 3841 omnem
588 3789 667 3841 seouli
678 3802 797 3855 pompam
809 3791 833 3841 et
847 3786 1022 3844 celsitudinem
1031 3804 1102 3859 sper-

24 3886 25 3907 t
42 3872 124 3919 nere,
168 3870 186 3909 v
219 3872 232 3909 s
280 3860 342 3909 vari.

75 3928 167 3979 Omnia
182 3938 239 3990 qun
256 3926 361 3993 plurimi
376 3929 532 3981 ostimemm
547 3928 563 3978 ii
576 3928 687 3993 mundo,
698 3927 764 3980 Deus
782 3926 860 3983 troci
869 3940 916 3997 pro
933 3926 1013 3985 nihilo
1025 3950 1032 3983 e
1044 3944 1113 4001 erpo.

44 4006 71 4053 et
80 4005 110 4050 tu
119 3997 186 4049 hoho
195 4009 242 4062 pto
252 3989 347 4062 nlhili,
357 3998 476 4053 elvelith
489 4000 539 4051 lieo
550 4001 668 4052 estimari
694 3998 773 4071 diligi,
