2559 4450
276 215 451 276 TMPIAEX
467 215 695 280 EXPOSIHO.
713 223 796 281 cto.
814 228 848 282 Χ.
1039 231 1090 284 511

21 433 1094 474 mmmmm

185 628 454 713 ANALYSIS
482 562 692 716 capitis
718 626 922 722 DECIMI.

513 833 609 864 ,ι’-ι·-

21 959 118 1056 Error
130 1005 254 1048 nonum
265 992 367 1048 Paulus
378 987 509 1060 absolsit,
523 1000 647 1049 tremens
662 1009 699 1050 ne
710 997 848 1064 reprobus
858 998 1007 1067 efficiatum
1019 1000 1093 1058 hoc-

21 1091 67 1145 pue
79 1093 134 1132 suo
147 1085 297 1143 tremore,
310 1091 364 1130 nos
375 1077 451 1130 idem
464 1092 559 1132 secum
572 1080 672 1134 timere
681 1081 786 1139 docuit.
906 1150 909 1154 ι

44 1163 77 1214 ln
86 1161 196 1230 primis
205 1165 305 1214 autern
321 1159 405 1226 huius
417 1161 515 1228 capitis
530 1164 676 1229 versibus,
689 1178 772 1217 suum
783 1168 812 1217 et
822 1170 950 1220 nostrum
961 1167 1092 1223 timorem

21 1245 182 1310 confirmat,
202 1243 335 1310 exemplo
346 1249 472 1296 veterum
483 1244 664 1300 liebraeorum
681 1248 746 1299 vere
761 1249 907 1303 tremendo
920 1267 928 1303 ε
939 1251 1004 1304 licet
1016 1253 1092 1307 enim

21 1326 110 1380 iisdem
122 1341 233 1381 omnes
243 1326 260 1379 d
271 1330 328 1395 Deo
337 1327 494 1393 beneficiis,
506 1330 590 1382 etiam
603 1330 748 1396 stupendis
760 1336 788 1382 ct
800 1331 947 1399 inauditis,
957 1338 1092 1400 praeventi

21 1409 130 1476 luerint;
145 1411 284 1478 plerique
296 1415 406 1476 tamen,
420 1411 457 1464 oh
470 1411 807 1479 ingratitudinemsuam,
820 1421 910 1470 morte
921 1418 1010 1484 puniti
1026 1425 1091 1472 sunt

21 1491 45 1544 in
58 1495 195 1549 deserto:
210 1492 254 1546 ita
267 1498 299 1547 ut
311 1494 327 1546 e
339 1494 476 1548 sexcentis
490 1496 629 1562 millibus,
649 1496 706 1548 duo
724 1495 832 1550 tantum
848 1499 977 1554 homines
988 1506 1091 1555 terram

21 1579 185 1643 promissam
196 1579 322 1646 ingressi
314 1577 445 1631 fuerint.

51 1664 128 1726 llaec,
142 1662 184 1714 art
195 1662 303 1714 Paulus
311 1661 359 1729 ,1.
371 1663 398 1714 6.
410 1661 499 1728 figura
509 1662 598 1715 nostri
610 1667 686 1715 sunt
697 1665 821 1729 Populus
831 1665 877 1718 rlle
886 1667 976 1720 nostri
986 1668 1087 1734 ligura

22 1743 150 1798 beneficia
161 1745 323 1798 viatoribus
333 1744 386 1796 illis
398 1745 530 1798 omnihus
538 1747 635 1799 cohata
643 1746 816 1813 ,gratiarum
831 1749 913 1801 nohis
922 1751 1090 1805 omnihusin

25 1823 70 1878 hac
83 1827 316 1896 peregrinatione
335 1828 496 1880 collatarum
516 1828 618 1896 figura3
636 1825 810 1896 ingratorum
830 1830 941 1883 illorum
961 1835 1085 1899 punitio,

25 1911 154 1964 malorum
172 1911 262 1964 nohis
280 1910 498 1976 imprudentium
510 1912 589 1964 rudis
601 1911 766 1975 delineatio,
780 1911 804 1962 si
821 1911 893 1964 sicut
904 1913 942 1965 illi
954 1913 1089 1968 fuerimus

28 1994 155 2047 malorum
168 1995 422 2062 concupiscentes,
442 1993 612 2059 idololatrae,
626 1993 785 2058 fornicarii,
800 1999 951 2048 tentatores
965 1997 1086 2063 Christi,

27 2083 255 2132 murmuratores.

57 2161 118 2214 llaec
130 2175 235 2215 rursus
243 2157 342 2230 ,sitia
355 2165 406 2227 11,
425 2165 491 2214 sunt
504 2159 642 2212 maiorum
653 2158 736 2212 nobis
752 2159 1003 2227 contingendorum
1013 2177 1089 2231 prae·

29 2244 131 2310 nuntia,
151 2252 180 2299 et
192 2242 279 2299 nohis
291 2245 451 2321 erudiendis
462 2245 634 2312 conscripta;
649 2249 681 2296 ut
695 2257 748 2296 nos
764 2243 927 2310 Christiani,
944 2246 1035 2313 quiin
1050 2248 1089 2300 ul·

29 2325 195 2381 timamundi
208 2334 292 2382 aetate
304 2328 435 2393 vivimus,
450 2328 541 2381 alieno
554 2327 694 2394 sapiamus
706 2320 842 2392 exemplo.

61 2411 194 2481 ltaquey.
204 2416 258 2476 12,
272 2412 327 2465 ait:
341 2412 393 2475 Qui
405 2415 485 2479 putat
497 2424 528 2463 se
540 2415 632 2475 stare
646 2415 743 2502 caveat
757 2422 794 2461 ne
805 2409 900 2476 cadat
915 2411 987 2464 srcut
998 2417 1095 2491 stete-x

32 2497 88 2545 runt
98 2494 152 2560 rlir
168 2502 197 2549 et
213 2495 386 2549 ceciderunt.

62 2576 97 2628 Ne
113 2578 200 2631 nimio
216 2585 312 2632 tamen
325 2579 426 2631 timore
441 2576 606 2643 dejiciantur
629 2576 779 2642 Corinthii,
798 2577 825 2645 i
845 2580 903 2641 15,
912 2583 1041 2643 precatur
1055 2586 1088 2633 ut

34 2667 81 2707 non
93 2663 182 2725 gravis
194 2662 364 2715 eosinvadat
374 2660 506 2715 tentatio
497 2674 674 2727 ,eorumque
682 2659 791 2713 animos
801 2673 850 2725 spe
861 2660 985 2714 inlisum
996 2663 1086 2729 erigit.

64 2741 143 2806 111.
158 2748 304 2810 Terrore,
310 2746 347 2797 oh
359 2743 487 2811 superius
496 2745 586 2809 diota,
597 2743 763 2797 corinthiis
756 2757 869 2796 incusso
878 2783 885 2808 ,
895 2744 983 2797 utitur
991 2744 1027 2797 ad
1038 2759 1088 2799 eos

34 2828 190 2881 avertendos
204 2820 241 2881 ab
253 2828 431 2895 idolothytis,
446 2840 509 2895 quae
518 2826 564 2879 hic
572 2825 757 2880 idololatriam
766 2828 860 2893 aperte
873 2828 1011 2895 nominat,
1022 2830 1088 2896 quia

37 2907 128 2962 scilicet
142 2913 372 2980 participationes
384 2915 450 2965 sunt
462 2909 662 2963 sacrificiorum
673 2910 821 2963 daemoniis
834 2910 1001 2967 oblatorum.

67 2989 91 3055 i.
103 2994 147 3045 16.
161 2996 240 3049 Sicut
252 2996 321 3049 calix
333 2994 510 3059 benedictus,
525 3007 574 3047 seu
587 2994 805 3056 Eucharistious,
819 2996 1034 3050 communicatio
1045 3002 1089 3050 est

39 3076 167 3141 sanguinis
179 3079 298 3144 Christi3
315 3086 343 3133 et
355 3078 436 3145 panis
454 3082 647 3142 consecratus,
664 3077 879 3129 communicatio
893 3078 1021 3142 corporis
1030 3082 1088 3131 llo-

40 3154 98 3208 mini
111 3174 118 3211 :
130 3159 167 3213 ita
178 3162 300 3216 lihamen
310 3184 321 3229 ,’
336 3167 364 3215 et—
373 3160 528 3227 ,idolothyta
540 3164 605 3211 sunt
616 3158 842 3224 participationes
854 3171 919 3209 cum
930 3158 1086 3214 daemoniis.

68 3236 92 3305 1.
103 3244 146 3295 18.
160 3245 237 3299 Sicut
248 3246 379 3298 israelitae
389 3244 425 3296 de
437 3243 555 3296 victimis
564 3242 696 3304 edentes,
710 3241 795 3293 ohlati
806 3239 933 3292 sacrificii
943 3245 1008 3293 sunt
1020 3256 1088 3307 par·

41 3318 140 3391 tioipes3
152 3327 191 3381 ita
206 3342 275 3394 ros,
289 3328 306 3381 6
319 3326 470 3382 Corinthii!
484 3324 637 3390 idolothyta
648 3322 840 3387 comedentes,
859 3323 985 3391 sacrilegi
1000 3326 1089 3378 sacri-

42 3399 239 3477 iciiparticipas
250 3411 326 3465 estis.
738 3478 741 3484 ι

69 3485 154 3556 110,
167 3499 221 3547 etc.
234 3496 303 3548 llolo
316 3499 410 3548 autem
424 3506 476 3547 vos
485 3492 655 3547 christianos
665 3490 725 3543 lieri
736 3490 895 3542 daemonum
911 3490 1013 3542 socios.
1027 3491 1088 3543 lton

44 3572 122 3628 potest
131 3576 192 3640 quis
208 3579 302 3631 altaris
319 3578 438 3642 Christi,
455 3582 483 3629 et
500 3576 593 3629 aitaris
610 3574 770 3626 daemonum
782 3586 843 3625 esse
856 3573 1088 3639 particeps.‘floc
1170 3583 1176 3592 “

44 3653 79 3699 est
88 3654 229 3713 hominum
240 3661 364 3726 irritare,
378 3664 405 3713 et
417 3658 498 3725 quasi
511 3658 548 3710 ad
559 3657 723 3723 zelotypiam
737 3669 900 3721 provocare.

73 3733 119 3787 lihi
133 3752 209 3795 suam
226 3744 328 3797 Paulus
348 3742 385 3796 de
403 3730 566 3809 idolothytis
583 3743 705 3792 mentem
731 3737 777 3792 hic
795 3737 903 3807 integre
917 3737 1039 3805 aporuit,
1059 3743 1089 3793 et

48 3818 167 3877 quasdam
179 3826 350 3893 objectiones
361 3824 485 3881 resolvit.

76 3899 189 3963 landem
203 3908 276 3968 hanc
290 3909 327 3967 de
342 3904 505 3980 idolothytis
519 3904 770 3977 quaestionem)
786 3909 885 3963 octavo
898 3902 989 3974 capite
999 3904 1106 3980 agita-l
