2559 4450
196 272 252 337 soc·
384 268 1084 359 rnrunsrrsroaaincorrrrnios

195 373 304 440 spiritus
325 376 427 445 Sancti,
451 382 495 443 qui
513 380 795 444 intraturorum
819 381 1043 435 membravestra
1049 371 1190 445 tempium
1202 371 1252 424 sunt
1270 369 1271 389 l

195 448 526 513 quamaccepsosrncor
691 502 702 521 ,
818 456 939 524 spiritns
954 456 1063 519 sanat
1076 451 1253 521 quiinvotis

818 528 1254 602 est,qucmi1abetisine0,c

817 609 1068 667 nonestisvestri?

226 676 337 741 Denique
354 682 419 730 seire
440 678 536 730 debetis
554 677 622 741 dudd
634 679 711 730 vestri
728 679 794 740 turis
851 688 1085 757 compagum
1095 683 1252 751 estssprerio
1271 683 1273 686 '

196 758 247 800 non
262 750 333 799 ostis:
342 750 436 799 etenim
446 752 524 812 empti
535 750 595 799 estis
601 750 682 812 pretio
692 760 793 810 magno,
817 782 934 837 magn0;
942 766 1109 835 glorificate,
1119 769 1254 830 &pomp

195 818 328 948 :offla
341 815 793 949 ffiffinfflffiiffiffim’
816 849 905 901 ileum
913 846 944 898 in
956 846 1075 911 cbrpore
1084 846 1195 897 vestm.

226 1080 291 1133 Illuc
301 1120 308 1145 ,
320 1086 350 1133 ut
362 1085 399 1134 ait
411 1081 581 1139 Tertullianus
588 1079 634 1134 lib.
646 1080 678 1132 de
688 1079 761 1133 cultu
773 1080 833 1133 tem.
843 1082 868 1132 2‘.
879 1080 958 1142 butus
969 1076 1059 1143 templi
1075 1076 1255 1131 cumaeam

196 1152 277 1203 tistlta
288 1154 411 1217 pudicitia
423 1156 470 1205 est.

231 1242 311 1301 Quem
325 1240 421 1293 bebetis
432 1240 449 1291 d
461 1242 522 1292 Deo.

226 1308 363 1360 Auctorem
381 1311 447 1373 tanti
467 1310 582 1360 muneris
599 1310 731 1371 recenset,
750 1311 780 1359 ut
795 1307 1004 1371 ingratitudinem
1019 1308 1157 1369 exaggeret
1163 1323 1172 1367 i
1195 1301 1254 1362 iuasl
1272 1341 1274 1352 .

196 1376 292 1427 diceret
309 1396 316 1427 s
341 1378 452 1439 iniurius
470 1380 496 1427 et
514 1380 628 1441 inmotus
644 1383 683 1429 est
701 1380 729 1428 in
744 1377 867 1440 Spiritum
881 1378 1021 1439 mucium,
1037 1378 1081 1437 qui
1098 1388 1149 1439 per
1159 1374 1252 1435 gratian
1272 1371 1274 1440 l

196 1445 294 1497 habitat
307 1447 435 1507 turchis,
448 1450 473 1496 et
487 1448 605 1497 inlisum
617 1451 718 1511 ipsum,
729 1449 774 1507 qui
788 1447 911 1510 Spiritum
920 1447 1042 1498 Sanctum
1051 1446 1128 1495 misit
1138 1446 1169 1494 in
1180 1454 1230 1491 vos.

227 1516 316 1567 Totam
335 1518 421 1577 itaque
440 1518 627 1566 sanctissimam
645 1518 794 1567 trinitatem
816 1516 958 1579 specialiter
974 1514 1080 1566 oiicndlt
1102 1513 1254 1564 Christianus

195 1583 349 1635 fornicatura
361 1584 468 1647 lilium,
480 1586 899 1648 eujusestmembrum38plritum
909 1585 1046 1647 Sanctum,
1059 1585 1139 1644 culus
1153 1586 1191 1632 cst
1201 1587 1254 1628 tem-

194 1652 284 1772 plum,
295 1652 408 1715 husun,
419 1655 464 1715 qui
484 1653 607 1719 Spiritum
620 1655 743 1705 Sanctum
759 1652 931 1716 nobisdedit,
945 1657 971 1705 ot
987 1664 1033 1717 per
1049 1651 1150 1703 Filium
1161 1664 1207 1702 nos
1221 1653 1254 1697 re*

212 1724 283 1772 emIt.
308 1740 311 1747 ·

225 1812 259 1861 ut
270 1824 320 1861 coo
338 1811 489 1863 meretri.
500 1812 592 1874 idest,
605 1814 683 1864 vestri
691 1814 765 1874 Jurts.
871 1843 878 1853 ι

195 1880 349 2002 mfflnum
366 1886 546 1946 argumentum
567 1882 674 1933 ductum
693 1884 709 1933 a
727 1881 851 1947 sacrilego
866 1880 934 1935 furto
949 1881 1018 1946 quod
1028 1881 1174 1933 fornicator
1192 1888 1251 1931 corn·

195 2057 266 2177 Flo.
278 2056 365 2119 Empti
379 2056 444 2107 enim
456 2056 542 2108 estis...
552 2054 650 2107 seilicet
658 2056 739 2119 pretio
750 2053 930 2116 inestimabili,
941 2056 1072 2117 sanguinis
1081 2055 1145 2106 lesu
1154 2052 1250 2110 Christi,

215 2124 322 2250 lglcregls
335 2200 466 2264 emptitius
487 2201 625 2254 maximam
645 2166 748 2249 domino
767 2194 829 2248 iacit
847 2194 1025 2259 injuriemus
1044 2195 1140 2261 illum,
1154 2208 1199 2262 per
1211 2194 1251 2245 hoc

194 2271 278 2334 ipsum
291 2271 358 2332 quod
373 2273 428 2332 ejus
440 2273 495 2333 est,
509 2270 629 2321 cncnduc

194 2339 315 2462 eogarzeis
333 2351 391 2401 crgo
409 2351 443 2390 uc
467 2351 587 2405 corpore,
603 2338 672 2402 quod
687 2337 790 2390 Domini
810 2339 867 2401 cst,
887 2335 1025 2389 Minimum
1042 2336 1194 2430 offendatis3
1214 2331 1250 2384 sed

227 2497 544 2568 Glorifieoteetportote...l
716 2511 720 2517 ’

224 2567 267 2619 Gr.
279 2569 307 2618 in
318 2582 422 2632 corpore
432 2575 515 2620 restro
530 2572 555 2620 et
566 2571 594 2620 in
607 2571 699 2633 spirita
709 2571 808 2629 restro,
819 2579 876 2631 qus
891 2567 951 2617 sunt
960 2564 1015 2617 liei.
1025 2565 1083 2630 syr.
1096 2565 1177 2617 idem.

222 2633 323 2689 Portate
337 2639 418 2689 bourn
429 2641 457 2690 iu
468 2651 589 2703 corpore,
601 2639 696 2703 templo
711 2639 779 2704 quod
793 2638 926 2712 inhabitat.

224 2737 363 2810 Norannuu
374 2756 408 2793 in
420 2750 645 2793 rurcctrcsurms.
653 2765 687 2778 -
695 2741 775 2792 Nemo
787 2743 894 2792 miretur
904 2740 972 2804 qubd
983 2739 1118 2805 Apostolus
1124 2741 1163 2792 ad
1173 2740 1248 2791 corin

191 2809 261 2862 thios
272 2813 399 2873 scribens,
414 2814 468 2861 tam
486 2812 578 2860 acriter
591 2811 619 2859 in
638 2809 832 2861 fornicationem
846 2810 980 2861 invehatur
997 2810 1156 2861 rGorinibus
1170 2812 1248 2860 civitas

192 2883 248 2930 erat
262 2881 352 2930 Veneri
363 2879 459 2940 dicam,
474 2882 501 2929 in
517 2891 567 2940 qua
585 2883 767 2932 scortationum
782 2885 808 2931 ct
819 2881 1007 2944 turpitudinum
1023 2884 1078 2930 erat
1090 2893 1146 2930 non
1157 2880 1249 2929 tantum

193 2951 277 3002 omnis
291 2947 410 3009 licentia,
427 2947 470 2998 scd
483 2952 508 2998 et
520 2948 611 2998 honor.

221 3019 328 3082 Gothys,
340 3017 438 3070 damon
448 3055 455 3080 ,
464 3018 532 3082 apud
545 3017 690 3071 Corinthios
700 3019 807 3083 colitur,
817 3029 908 3084 pruses
919 3019 1127 3070 effeminatorum
1137 3023 1164 3071 et
1172 3025 1247 3082 impu-

193 3085 323 3152 dicorum,
334 3089 370 3140 alt
383 3087 472 3140 suidas
483 3089 561 3139 verbu
573 3091 678 3153 europe·

223 3157 320 3212 Fanum
333 3159 437 3211 Veneris
449 3159 564 3210 Corinthi
580 3159 617 3211 itu'
631 3160 679 3210 tuit
688 3158 817 3224 locuples,
828 3163 858 3210 ut
867 3159 952 3224 plures
964 3159 1042 3224 quim
1057 3159 1131 3212 milis
1141 3158 1246 3211 babuerit

191 3240 322 3284 sacrorum
333 3229 441 3281 tumulas
451 3231 610 3292 meretrices,
624 3243 688 3292 quas
700 3230 771 3292 beu,
783 3231 847 3292 siri,
858 3229 1026 3292 mulieresque
1039 3229 1205 3290 dedicarunt,
1217 3227 1247 3275 ati

192 3301 280 3353 Strabo
292 3300 336 3351 lib.
350 3305 374 3352 e.
382 3305 408 3350 et
421 3301 559 3352 llerudotus
570 3301 673 3352 incito.

222 3369 326 3434 insuper
337 3370 407 3422 mille
416 3371 528 3434 qnotidie
540 3371 711 3423 scientissimis
722 3381 752 3422 ex
759 3372 813 3421 tota
822 3369 918 3421 Groecla
928 3369 1018 3420 etlisia
1030 3369 1126 3433 puelle
1138 3369 1245 3422 omnibus

191 3441 385 3492 adventantibus
400 3442 615 3504 prostituebantur
627 3455 635 3490 r
646 3440 714 3504 quod
732 3440 783 3491 illc
798 3440 889 3490 honori
907 3441 933 3488 ct
947 3441 1035 3502 pietati
1053 3437 1245 3502 ducebant,pu-

190 3512 274 3560 tentes
284 3521 311 3559 so
320 3509 370 3560 boe
385 3507 460 3560 modo
472 3509 531 3560 lciix
542 3510 590 3560 sibi
601 3509 794 3560 matrimonium
807 3512 917 3572 captare.
1111 3534 1117 3539 -

222 3579 283 3629 Vide
297 3574 469 3630 Corneliuma
484 3580 577 3643 lapide
592 3580 620 3630 in
639 3579 691 3629 tine
705 3582 730 3631 d.
744 3591 800 3642 cap.
812 3582 838 3629 et
848 3579 879 3627 in'
886 3589 942 3642 cap.
955 3579 994 3630 ii.
1003 3589 1033 3630 n.
1046 3581 1071 3630 3.
1088 3577 1212 3643 ruinam
1223 3579 1244 3627 ln

189 3645 241 3698 bne
250 3652 274 3698 6.
286 3661 342 3711 cap.
355 3647 527 3700 Fromoudum
539 3651 566 3700 ln
577 3648 732 3714 pretatione.

221 3715 286 3767 ilinc
299 3729 351 3767 non
366 3717 507 3768 minoribus
522 3719 669 3782 indigebant
681 3717 851 3781 argumentis,
861 3715 984 3780 quibust
998 3715 1172 3772 iomioatione
1188 3727 1243 3770 arcs·

190 3789 372 3905 metolrinthiari
382 3855 465 3917 ,idern
478 3867 508 3905 ac
520 3857 625 3908 scortari
634 3856 780 3920 ,bsclvlre,
789 3857 863 3920 mulo
874 3859 900 3906 et
909 3855 1008 3907 libidini
1023 3857 1169 3921 indulgere.

221 3919 286 3968 illuc
299 3938 306 3968 s
319 3923 374 3972 Noc
392 3923 472 3974 coicis
486 3923 582 3974 moses
603 3927 723 3992 compte
736 3925 809 3981 odite
826 3926 990 3987 mium,
1001 3928 1063 3992 quia
1075 3940 1112 3980 ms
1131 3935 1240 3997 magnum

190 3985 225 4042 ab
234 3989 337 4040 amardo
352 3993 406 4042 suls
417 3990 558 4056 erigebant.
