2559 4450
285 331 456 388 TRIPLEX
474 337 701 395 EXPOSITIG.
721 341 802 396 GAP.
822 347 866 398 x.·
1049 343 1104 402 {53

43 417 230 494 insipientem,
242 425 354 483 inirem
363 433 482 486 coemit·
502 431 535 481 ud
546 434 670 484 iuvidiam
682 440 706 485 et
722 437 755 486 ad
772 439 836 487 iram
851 428 961 488 incliabe
972 451 1016 503 per
1034 441 1104 492 Gen-

44 505 103 554 uam,
502 501 576 563 iilos,
594 507 639 566 qui
658 517 709 555 non
727 507 831 558 inerunt
850 507 973 559 hactenus
992 509 1102 574 populus

502 582 589 633 mens,
601 576 626 622 et
636 575 681 634 qui
691 573 814 626 hactenus
823 579 969 640 insipienter
976 581 1103 642 vixerunt,

465 651 468 656 ·
503 637 569 688 idola
587 638 665 690 stulte
681 642 808 705 colentes;
823 645 866 694 sed
876 658 939 706 qnos
950 645 982 695 ad
995 647 1103 700 sulutem

502 707 547 766 per
560 705 690 768 Apostolos
700 713 811 773 vocabo,
825 717 850 762 et
866 714 897 762 ob
910 717 1023 774 ¹(purorum
1041 730 1103 767 con·

502 775 645 825 versionem
653 777 685 826 ad
693 779 891 841 indignationem
901 784 1101 836 eoncitcblmlnl.

71 833 114 884 20.
134 832 439 904 isaiasuutemaudet‚
453 848 480 894 et
533 841 610 892 lsalas
626 848 713 894 autem
732 847 843 909 lioysem
866 853 982 910 secutus,
999 851 1102 902 ludeo-

42 906 101 960 dicfit
120 927 128 963 ς
145 913 365 978 mmmmm„
386 915 403 968 p
421 930 479 970 „011
502 922 561 958 rum
572 911 694 963 eliensem
707 927 759 964 non
774 920 887 978 veritus,
899 920 985 981 aperte
1002 920 1102 972 dictiln

42 969 229 1049 quaerem'ffifis
241 1003 287 1042 me
306 991 416 1057 ,papam
431 1007 481 1066 ἔρ..
502 990 608 1040 persona
621 980 714 1032 Christi
730 984 870 1034 :Inventus
887 999 944 1036 sum
962 1000 1007 1049 per
1023 989 1101 1045 tidem

42 1063 113 1133 parui
126 1063 163 1117 iis
177 1065 228 1134 qui
238 1079 284 1120 me
294 1080 352 1120 non
363 1066 480 1124 interro
501 1047 679 1132 identidem!
688 1055 779 1113 uuimc
788 1065 840 1102 non
849 1055 993 1114 querebant
1002 1075 1009 1116 ;
1018 1057 1102 1118 palam

44 1124 147 1204 gafflp
502 1127 547 1178 per
559 1117 687 1179 lirangclrl
703 1121 753 1169 mel
771 1121 976 1184 pradicationem
995 1125 1117 1187 apparui.

503 1184 552 1234 illis
565 1187 693 1248 ipsis,qni
709 1201 761 1238 nou
777 1201 835 1250 me,
847 1191 890 1240 sed
906 1191 973 1242 idola
984 1205 1029 1243 suu
1040 1205 1103 1244 con·
1140 1187 1145 1198 '

503 1253 628 1304 solebant.

70 1314 113 1364 et.
129 1313 174 1366 Ad
186 1314 271 1368 lsrael
286 1319 381 1369 autern
392 1317 460 1372 dicit
471 1337 484 1373 ε.
532 1323 567 1373 lte
579 1324 671 1376 israele
680 1330 766 1378 autern
781 1328 849 1379 idem
860 1329 938 1381 isaias
952 1333 980 1381 ln
995 1342 1102 1395 persons

44 1391 160 1444 incidie
169 1391 480 1459 expandimnusmeas
501 1393 596 1444 Christi
620 1395 708 1446 dicit:
733 1399 795 1448 Toto
816 1398 859 1448 die
881 1400 989 1463 expandi
1010 1415 1103 1454 manns

42 1469 72 1518 ad
82 1470 219 1536 populum
229 1485 285 1524 non
301 1472 477 1541 credentem,
502 1463 612 1514 meesud
624 1465 747 1528 populum
759 1468 934 1531 incredulum,
943 1473 969 1520 et
978 1469 1102 1522 obsdnaii

44 1553 66 1600 ct
79 1549 327 1604 contradicentem.
502 1533 802 1604 mffi³⁰⁰¹¹²l⁸ffl⁰⁰¹¹iffi

45 1649 1103 1681 Μ

43 1705 207 1758 damnationis
218 1710 316 1760 occasio
321 1730 329 1771 3
338 1709 503 1769 humiliemus
514 1727 560 1764 nos
571 1715 602 1765 ob
614 1715 788 1768 infidelitatem
797 1723 910 1770 nostrum
918 1740 927 1782 ;
935 1724 1028 1782 gratias
1040 1735 1101 1784 aga-

44 1788 94 1824 mus
103 1777 153 1827 boo
168 1778 200 1827 ob
211 1778 319 1829 aliorum
330 1785 491 1832 sanctitatem
504 1787 529 1833 el
539 1783 703 1849 fidelitatem
716 1790 802 1850 sicque
812 1788 921 1841 aliorum
933 1795 1101 1846 sanctimonie

45 1849 126 1894 nostran
139 1849 314 1898 conversionis
325 1853 350 1898 et
361 1849 568 1902 sanctificationis
579 1856 627 1905 erit
639 1857 747 1906 occasio.
886 1858 890 1868 ’

70 1931 105 1977 20.
116 1929 200 1980 iscius
211 1935 296 1980 cotem
307 1932 384 1981 cedet
398 1920 421 1982 'et
431 1933 531 1984 dicit...
543 1935 654 1985 Tandem
664 1949 695 1988 ex
707 1938 771 1988 lsaia
782 1921 871 2002 prurit
884 1937 952 2002 quod
965 1939 1100 2004 aliquando

45 1997 201 2047 convertendi
211 2002 284 2049 erant
294 1998 405 2051 Gentiles
417 2019 424 2050 c
434 2000 514 2051 iudei
529 2008 615 2052 eutem
631 2005 777 2056 indurandi.

71 2064 193 2116 Audacter
209 2070 279 2117 enirn
297 2072 322 2117 et
332 2068 423 2130 libere,
434 2069 580 2121 iudeorum
593 2073 715 2124 ollensam
733 2086 786 2123 non
798 2077 910 2136 veritus,
921 2075 984 2126 dlclt
1002 2077 1030 2126 in
1041 2089 1101 2140 pet·

49 2141 101 2180 sona
113 2135 208 2186 Christi
223 2136 255 2186 de
264 2137 387 2188 Gentibus
401 2150 408 2186 =

71 2211 183 2261 lucentcs
193 2223 252 2262 sum
260 2250 268 2271 ,
276 2211 326 2263 lide
337 2213 433 2267 scillcet
444 2228 474 2265 ex
483 2214 573 2271 auditu
585 2215 762 2278 Apostolorum
773 2216 894 2281 concepti
906 2236 913 2268 a
925 2217 940 2268 d
951 2217 1100 2283 Gentilibus,

45 2280 81 2335 oui
91 2282 141 2330 suis
150 2281 226 2331 idolis
236 2285 345 2343 intenti,
360 2296 407 2335 nec
421 2284 452 2333 de
462 2297 504 2334 me
515 2286 671 2347 cogitabant,
684 2299 732 2337 nec
745 2298 787 2335 me
797 2286 950 2347 querebant.

71 2354 160 2405 Puldm
174 2356 308 2417 apparui:
321 2355 364 2407 Gr.
380 2360 534 2422 conspicuus
549 2358 631 2408 tuctus
644 2372 702 2409 sum
712 2359 845 2421 ;.sclllcet,
862 2373 907 2423 per
924 2360 1100 2423 Apostolorum

47 2424 244 2481 pradicationem
257 2424 306 2477 illis
319 2428 380 2488 ipsis
389 2426 544 2488 Gentilibus,
558 2430 603 2490 qui
614 2441 666 2479 non
677 2442 734 2490 me,
745 2429 789 2479 sed
798 2428 864 2479 idola
875 2443 920 2481 susa
932 2432 1062 2484 consulere
1075 2437 1101 2484 et

47 2493 191 2558 interrogare
206 2494 329 2545 solebant.
549 2529 555 2538 ·

71 2565 136 2617 lianc
152 2566 277 2616 babemus
293 2566 343 2616 lieo
355 2568 479 2629 matiam,
495 2580 541 2618 nos
556 2571 600 2631 qni
614 2569 645 2619 de
661 2568 800 2621 Genllllnm
815 2580 923 2620 numero
938 2583 1026 2621 sumus
1036 2592 1044 2632 ;
1054 2584 1101 2623 nos

48 2632 91 2693 ipse
102 2637 235 2697 quaesivit,
248 2634 311 2685 dnm
324 2636 356 2685 ab
367 2648 397 2685 eo
411 2649 511 2686 eramus
524 2640 606 2687 aversi
621 2657 628 2687 r
644 2638 716 2688 nobis
730 2651 782 2688 sese
798 2638 980 2700 manifestarit,
994 2639 1056 2689 dum
1069 2641 1101 2691 de

48 2715 71 2751 oo
81 2720 110 2755 ne
120 2708 293 2770 cogitabamus
303 2708 423 2770 quidem:
437 2709 480 2758 scd
491 2707 523 2757 ad
533 2710 594 2770 quid
606 2722 653 2759 nos
664 2711 793 2771 quesivit,
805 2714 830 2761 ct
841 2713 958 2773 apparuit
971 2710 1060 2762 nobis?
1071 2716 1101 2761 ut

48 2775 116 2826 salvet
127 2792 189 2839 nos,
204 2782 233 2827 nt
248 2790 301 2827 sne
318 2776 390 2827 lactei
405 2778 609 2829 manifestatione
620 2779 697 2830 iaciat
707 2782 734 2830 in
748 2785 872 2831 eternum
887 2782 981 2833 beatos.
995 2781 1015 2831 0
1028 2782 1102 2833 boni-

47 2846 93 2893 tas!
105 2846 119 2895 d
133 2846 308 2898 misericordia
321 2847 415 2896 eterna
430 2848 568 2909 gratiarum
580 2852 680 2899 actione
693 2849 784 2913 digna!

74 2931 109 2978 il.
120 2932 159 2981 Ad
172 2930 250 2980 lecet
264 2930 417 2980 autemdicit
428 2949 437 2979 .·
452 2930 513 2979 Totd
526 2930 574 2980 die.
585 2929 628 2981 Gr.
639 2934 719 2987 totam
730 2932 813 2994 diem,
823 2932 917 2992 etoile
928 2935 1004 2985 lsrael
1013 2939 1100 2993 autem

49 2995 105 3047 idcm
121 3001 200 3050 isaias
218 3003 245 3049 ln
263 3012 370 3062 persona
384 2999 477 3049 Christi
490 3000 569 3051 dicit:
584 3000 658 3050 omns·
671 3002 726 3061 die,
736 3002 872 3066 perpetuo,
884 3002 1099 3067 trequentisslme;

49 3070 92 3113 loto
101 3070 160 3119 ritas
177 3080 240 3118 mee
256 3072 382 3131 ternpore,
394 3069 502 3130 apuam
518 3082 579 3119 mon
626 3084 695 3121 mccc
702 3088 713 3135 ,·
726 3084 770 3135 per
783 3082 867 3121 meam
884 3074 909 3121 ei
924 3074 1100 3135 Apostolorum

50 3144 154 3189 maurum
170 3137 390 3201 predicationem,
404 3150 448 3199 per
469 3138 568 3188 inlinlta
583 3140 721 3201 miracula,
736 3140 751 3189 A
765 3142 844 3189 meet
858 3140 872 3187 d
888 3143 951 3190 meis
963 3140 1055 3261 iacta.)

28 3202 39 3278 (
74 3205 151 3259 Potest
167 3210 245 3259 etiam
260 3206 365 3269 intelligi
380 3207 411 3256 de
427 3209 571 3257 extensione
585 3220 711 3257 manuum
726 3208 819 3259 Gbrisll
834 3211 966 3264 morientis
980 3210 1008 3260 in
1024 3224 1038 3261 c
1053 3223 1100 3263 nco

29 3281 87 3342 ¹&pro
99 3276 190 3341 populo
205 3279 271 3338 isto,
284 3274 377 3325 Ghrlstl
392 3276 510 3326 carnifice
525 3280 550 3326 et
565 3278 687 3327 occisore.

75 3344 103 3392 At
112 3346 220 3409 populns
230 3346 332 3396 ludens
345 3344 377 3394 ad
390 3344 444 3413 bec
457 3347 543 3396 omnia
556 3358 608 3396 non
619 3345 766 3407 attendens,
777 3345 918 3397 incredibili
931 3346 1100 3399 obstinatione

52 3411 121 3465 uoluit
130 3417 231 3467 credere
240 3414 308 3477 ;imd
316 3415 466 3465 contradixit
475 3415 606 3466 ctGlrrlsto
614 3420 640 3466 et
650 3416 783 3481 Discipuils
791 3416 894 3477 elitaret
901 3411 955 3465 hec
965 3416 1099 3467 obstinatio

52 3479 142 3535 illorum
153 3485 302 3549 perditionis
313 3489 351 3534 est
361 3496 447 3535 cansa.

48 3561 63 3600 ,’
77 3551 127 3605 lieo
137 3555 284 3615 audientes,
301 3554 461 3604 attendamus
475 3553 509 3603 ad
523 3566 570 3604 nos
585 3555 666 3618 ipsos,
680 3564 764 3603 nonne
780 3552 872 3603 Christi
886 3564 978 3605 manus
992 3552 1045 3603 toti
1058 3550 1100 3605 die

52 3626 102 3668 suut
113 3624 144 3672 ad
160 3636 208 3674 nos
220 3626 313 3685 apertae
323 3659 330 3683 ,
340 3623 373 3672 ad
384 3622 498 3672 dandum
513 3623 601 3684 nobis,
615 3623 648 3672 ad
659 3622 839 3685 protegendum
854 3636 901 3674 nos
910 3662 917 3685 ,
927 3622 959 3673 ad
974 3624 1100 3687 recipleu-
1119 3646 1124 3653 -

53 3686 105 3740 ium
118 3706 163 3743 uos
177 3696 205 3743 ln
220 3695 280 3744 sinu
295 3692 490 3754 misericordie,
504 3691 536 3741 ad
551 3704 626 3754 quem
641 3696 731 3753 vocat,
746 3695 867 3754 cuiusque
880 3696 948 3743 viem
959 3696 1100 3743 monstrati>

53 3754 92 3806 Sed
101 3760 163 3812 heu!
175 3774 261 3813 nonne
276 3762 369 3813 iudeis
382 3765 544 3825 ingratiores,
555 3761 655 3811 Christo
670 3760 760 3823 corde,
772 3764 884 3814 moribus
897 3768 922 3813 el
934 3763 985 3812 riti
997 3766 1100 3814 contra-

52 3823 169 3881 dicimus?
183 3844 268 3881 nonne
279 3830 344 3882 dona
357 3834 443 3894 gratie
454 3831 659 3881 contemnimus?
674 3842 759 3881 nonne
772 3833 851 3897 ipsius
866 3831 988 3882 tuillium
998 3832 1100 3897 repelli-

46 3891 121 3947 'tnusi
132 3914 219 3951 nonno
233 3902 414 3952 misericordiis
431 3901 581 3950 abutimur?
717 3960 720 3967 y
763 3926 766 3935 ι

59 3951 217 4021 *Timeamus
228 3984 285 4035 crgo
298 3984 332 4025 no
345 3971 448 4025 illorum
458 3971 812 4036 mmrooueurtcuuamua
822 3982 931 4037 qnorum
941 3968 1101 4038 tumulltudi·

56 4044 106 4089 nem
117 4042 257 4094 imitamur.
