2559 4450
169 333 224 401 106
468 329 673 398 urisrom
692 331 742 386 Ab
758 331 939 388 nouenos
1009 393 1013 400 ¹

199 427 320 476 Universa
342 425 437 488 quippe
459 426 549 476 mundi
575 426 715 486 machina,
740 429 770 476 ut
826 432 872 483 20.
885 424 1237 488 vanitatienimereatura

168 492 305 564 iromlnum
323 496 515 546 necessitatibus
527 496 666 558 obserriat,
686 498 769 546 conti·
792 507 916 574 subjecta
931 512 973 560 θα
987 519 1044 560 „011
1056 505 1170 567 volens,
1189 503 1236 554 sed

168 577 229 617 auae
242 567 378 614 mutationi
391 568 418 614 et
431 567 587 628 corruptioni
601 565 708 618 obnoxia
723 570 769 628 est,
792 589 905 650 psopter
937 591 1001 636 eum
1041 580 1091 650 qui
1118 579 1236 648 subjecit

169 649 222 686 non
238 639 326 698 sponte
342 634 405 695 sua,
422 635 466 683 sed
480 635 656 697 obtemperans
670 637 711 696 ei,
725 648 766 684 ou·
794 677 855 718 eam
864 663 925 717 ms
1006 621 1015 650 ’

167 706 209 766 lus
228 703 358 753 voluntate
376 701 512 751 bominum
535 705 651 753 servituti
669 702 769 753 addicta
923 675 959 731 pe
969 699 977 716 ¹

167 778 206 824 cst
213 786 279 835 ;nou
290 775 318 821 in
329 776 482 836 perpetuum
494 811 502 834 ,
518 773 563 825 sed
579 773 611 822 ad
623 775 734 836 tempus,
745 776 771 824 ct

167 844 235 894 tacti
253 842 291 892 illi
310 855 354 905 spe
373 843 529 893 liberationis
546 844 561 892 a
579 845 720 906 servitute,
741 844 771 893 in

167 912 306 964 universali
316 913 413 962 scilicet
425 915 618 964 resurrectione.

199 981 272 1031 llunc
286 994 344 1042 ergo
355 981 423 1030 diem
435 984 532 1030 attenta
543 983 770 1044 prospectat,oula
827 981 872 1032 ai.
890 976 960 1041 Quia
980 980 1008 1030 et
1028 976 1090 1042 ipsa
1107 982 1237 1028 creatura

169 1056 195 1102 et
213 1055 267 1115 ipsa
280 1056 344 1107 tuuc
366 1053 515 1101 aserrltute
536 1055 561 1100 et
579 1052 770 1115 acorruptione
793 1058 954 1113 liberabitur
974 1056 992 1108 a
1011 1055 1148 1108 servitute
1172 1069 1237 1107 cor.

169 1117 329 1181 liberabitur,
340 1120 403 1169 etab
413 1120 461 1169 hac
473 1121 593 1169 servitute
605 1119 770 1169 transferetur
793 1135 930 1203 ruptionis
963 1134 992 1186 jn
1006 1133 1164 1186 libertatem
1176 1133 1236 1201 310.

169 1191 196 1239 in
207 1191 350 1239 libertatem
361 1188 472 1239 similem
489 1187 600 1237 uberae
611 1189 725 1250 gloriosa
738 1189 770 1239 u·
794 1215 842 1268 ἡ,
854 1174 976 1268 auorum
989 1213 1038 1266 „ei

169 1257 262 1308 liorum
272 1257 327 1306 Dei.
1040 1251 1048 1266 ’

197 1327 332 1390 Propterea
351 1340 440 1376 omnes
460 1330 582 1377 creaturae
596 1320 674 1376 simul
688 1331 771 1391 suspl-
827 1325 872 1376 22.
884 1323 993 1376 Scimus
1003 1322 1077 1376 enim
1089 1321 1168 1388 quod
1177 1335 1237 1374 om·

168 1398 242 1457 rint,
257 1395 366 1445 sslsslfflul
381 1395 529 1456 ὓῡῦᾱῡῐθῦῑ»
545 1407 637 1456 ¹11³ssssss
651 1399 723 1458 (lilasi
736 1397 771 1445 fe·
793 1401 837 1453 nis
861 1404 987 1452 creatura
1013 1397 1188 1464 ingemiscit,
1210 1403 1237 1451 et

168 1469 246 1516 minae
261 1467 425 1528 parturientis
438 1465 524 1545 dolore
533 1485 541 1526 3
551 1478 642 1545 suam,
653 1466 685 1529 ab
696 1468 770 1515 initio
793 1478 912 1546 parturit
924 1489 1013 1543 usque
1024 1475 1125 1528 adhuc,

168 1535 259 1584 mundi
277 1545 357 1594 usque
377 1545 462 1593 nuuc,
477 1532 653 1583 hberatrouem
670 1545 772 1598 exspec-

168 1605 252 1651 tantes
264 1614 325 1651 cum
341 1602 447 1662 gemitu.

199 1775 355 1838 Exspectotto
378 1782 513 1838 exspectat,
525 1782 554 1827 ut
570 1779 725 1840 significetur
740 1777 916 1828 aridissimum
936 1773 1098 1824 desiderium.

199 1847 286 1908 ltaque
298 1849 417 1896 universa
432 1847 487 1897 hac
504 1849 630 1898 sensibilis
649 1850 739 1900 mundi
757 1848 876 1899 machina
892 1846 987 1897 attente
1001 1848 1026 1895 et
1045 1845 1129 1894 erecto
1141 1847 1235 1906 eapite,

168 1919 240 1980 quasi
253 1917 267 1967 e
279 1917 380 1980 specula
392 1920 513 1980 prospicit
522 1922 562 1978 ,et
573 1923 699 1982 exspectat
712 1919 779 1970 hanc
791 1918 985 1982 patefactionem
998 1914 1110 1966 liliorum
1121 1914 1181 1975 bei,
1192 1929 1235 1964 seu

168 1989 269 2048 tempus
281 1985 345 2034 iilud
359 1988 386 2035 in
397 1986 447 2048 qu'o
460 1989 605 2049 apparebit,
617 1991 660 2050 qui
676 1989 734 2037 vere
746 1991 806 2038 sarit
817 1987 862 2036 filii
873 1987 926 2036 Ilei.

199 2055 255 2105 Vita
271 2068 381 2118 praseae
398 2068 450 2105 non
467 2060 506 2105 est
523 2060 624 2118 tempus
639 2056 814 2118 patefactionis
832 2057 925 2118 hujus;
937 2053 1012 2104 multi
1026 2065 1096 2104 nunc
1114 2057 1236 2116 apparent

169 2123 215 2178 tilii
228 2124 286 2184 Ilei,
301 2128 346 2186 qui
359 2125 446 2174 revera
457 2137 509 2175 non
524 2130 599 2184 sunt;
614 2124 659 2173 alii
677 2129 737 2174 sunt
747 2125 865 2186 quidem,
878 2124 921 2173 scd
936 2137 988 2174 aon
1005 2125 1129 2186 putantur
1143 2135 1206 2170 esse.

198 2194 390 2258 Exspecteraus‚
410 2193 595 2254 desideremus,
613 2193 720 2243 sollicite
737 2192 897 2257 speculemur
911 2191 974 2243 illud
996 2195 1098 2253 tempus
1113 2209 1119 2239 ε
1134 2193 1236 2241 iuterim

168 2278 312 2331 gemamus,
324 2278 426 2314 oremus
436 2285 444 2326 ;
455 2268 557 2320 orantes
567 2267 593 2315 et
603 2268 730 2329 gementes
749 2269 774 2314 et
791 2264 888 2317 bonum
904 2266 1052 2327 operantes,
1065 2264 1237 2325 exspectemus

168 2335 274 2401 gloriam
283 2334 395 2385 filiorum
411 2335 465 2385 Dei.

198 2405 285 2455 Eheu!
296 2418 344 2455 cur
354 2407 444 2457 timeat
457 2403 633 2469 Christianus,
648 2404 715 2469 quod
728 2405 811 2455 omnis
828 2406 946 2455 creatura
961 2401 1183 2455 vehementissime
1195 2402 1236 2451 dc-

169 2475 280 2526 siderati’

199 2562 239 2609 20.
254 2558 365 2609 Vooitoti
378 2558 444 2607 enim
454 2558 566 2621 subjecto
580 2562 629 2618 ert,
642 2556 669 2605 id
683 2560 734 2617 est,
747 2559 875 2608 continuae
886 2556 1025 2609 mutationi
1041 2556 1066 2604 et
1079 2558 1235 2619 corruptioni

169 2628 277 2688 obnoxia
291 2630 338 2679 est.
351 2626 452 2677 Vanum
469 2626 514 2676 hic
531 2626 599 2675 idem
614 2640 645 2675 ac
660 2627 757 2675 fluxum
770 2633 795 2676 et
809 2625 932 2677 mutabile
944 2646 951 2675 a
963 2638 1014 2675 noo
1026 2624 1129 2685 colena,
1144 2627 1171 2675 id
1187 2632 1234 2686 est,

62 2695 64 2700 ’
169 2712 223 2751 non
237 2700 326 2760 sponte
343 2696 389 2745 sua
402 2714 409 2745 ι
423 2695 540 2757 quaebbet
557 2698 626 2745 enim
645 2709 684 2747 res
705 2698 854 2747 naturaliter
868 2698 956 2747 horret
971 2698 996 2744 et
1013 2694 1078 2757 fugit
1091 2700 1234 2759 corrumpi;

138 2822 143 2827 ,
168 2769 211 2817 red
220 2772 324 2828 propter
336 2778 406 2821 eum,
418 2764 507 2825 idest,
520 2765 614 2825 mum,
629 2766 674 2828 qui
685 2766 792 2826 subjecit
803 2779 860 2817 eam
871 2768 899 2816 io
907 2780 964 2828 ope,
975 2764 1001 2814 id
1013 2767 1065 2825 est,
1078 2778 1131 2815 non
1141 2769 1169 2815 in
1180 2780 1234 2829 per-

169 2839 291 2899 petuum,
303 2832 347 2881 sed
358 2832 390 2880 ad
402 2837 516 2895 tempus,
533 2832 599 2883 facta
611 2834 651 2883 illi
664 2834 733 2885 certa
749 2847 792 2897 spe
807 2834 983 2895 liberationis,
996 2844 1052 2895 qua
1069 2836 1198 2896 continget
1210 2838 1235 2883 iu

169 2902 305 2958 universali
316 2906 520 2955 resurrectione..

199 2991 240 3038 21.
254 2988 348 3047 Quieet
359 2988 417 3049 ipro
428 2994 546 3046 creature
561 2987 741 3040 liberabitur...
753 2992 816 3041 tuuc
826 2993 895 3041 enim
906 2994 932 3041 et
941 2991 1000 3053 ipro
1013 2990 1133 3039 creatura
1145 2986 1236 3039 libore·

170 3059 239 3109 bttor
247 3056 265 3109 d
273 3057 402 3117 seruitute,
413 3056 464 3120 qud
475 3060 630 3121 corruptioni
645 3063 670 3107 et
682 3060 846 3115 mutabilitati
859 3058 989 3123 subjacet,
999 3060 1062 3107 tuuc
1074 3058 1147 3107 enim
1157 3071 1235 3108 cessa-

168 3128 609 3191 bitgeneratio,corruptio,motus
622 3128 754 3180 coelorum.
1133 3130 1135 3137 “

199 3201 229 3249 lo
242 3198 380 3247 libertatem
396 3198 484 3260 elorico
495 3198 610 3261 filiorum
619 3200 678 3257 Dei,
691 3199 783 3260 idest,
795 3198 863 3249 etab
878 3196 927 3249 hac
938 3200 1060 3249 servitute
1070 3200 1235 3253 transteretur

170 3272 198 3321 io
213 3268 356 3320 libertatem
368 3266 479 3319 similem
489 3266 600 3334 libertati
613 3268 727 3319 tiliorum
740 3270 793 3319 Dei.

198 3340 274 3389 Notis
285 3336 449 3399 qualitatibus
459 3336 614 3387 dotabuntur
625 3338 759 3389 elementa.
772 3338 827 3389 Erit
839 3336 932 3388 ooelum
946 3349 1041 3387 novum
1051 3376 1057 3400 ,
1068 3342 1139 3391 terra
1155 3352 1234 3407 nora,

169 3412 236 3460 sicut
246 3409 333 3458 nutrix
348 3408 420 3469 pueri
437 3409 515 3469 regii,
528 3407 590 3456 dum
604 3412 740 3458 coronatur
755 3421 832 3471 puer,
850 3410 926 3457 etiam
944 3410 999 3471 ipsa
1014 3412 1116 3473 propter
1129 3423 1234 3474 puerum

169 3478 303 3542 participat
314 3475 426 3525 debonis
435 3478 524 3538 regiis,
535 3479 561 3524 et
571 3477 638 3525 sicut
650 3479 716 3527 servi
731 3475 764 3527 ad
775 3476 936 3527 dominorum
947 3476 1053 3539 gloriam
1066 3478 1235 3543 splendidiore

171 3552 238 3597 reste
250 3547 414 3597 exornantur.
425 3545 463 3595 Ex
475 3540 504 3596 b.
516 3545 702 3607 chrysostomo.

199 3632 239 3679 22.
259 3627 359 3677 Samus
380 3630 447 3677 enim
465 3628 533 3691 quoa
553 3629 634 3679 omnis
649 3635 768 3681 ereatura
783 3628 952 3695 dormierit...
968 3630 1011 3682 Gr.
1028 3634 1054 3681 et
1069 3634 1234 3697 comparturit

172 3710 249 3761 usque
264 3710 344 3747 nanc.
358 3696 415 3759 Syr.
429 3700 525 3750 scimus
544 3701 616 3760 enim
635 3712 725 3753 omues
745 3705 873 3765 creaturas
893 3704 1019 3765 suspirare
1034 3705 1060 3752 et
1071 3706 1234 3767 parturientis

171 3769 223 3834 pati
236 3766 334 3818 dolores
347 3766 381 3815 ad
394 3765 465 3815 hunc
481 3779 560 3830 usque
573 3768 650 3819 diem.

200 3836 345 3898 amplificat
357 3835 506 3899 pradictum
521 3840 606 3889 omnis
618 3841 741 3889 creaturae
758 3840 925 3903 desiderium,
940 3842 1088 3907 metaphora
1103 3844 1206 3909 sumpti
1220 3844 1233 3894 a

170 3904 286 4027 {unffi
299 3907 473 4012 parturiente,
489 3918 546 3968 quae
562 3910 640 3971 gemit
658 3908 788 4005 inperiis
807 3908 920 3975 dolores,
939 3916 1087 3979 exspectans
1105 3912 1139 3964 ab
1161 3925 1234 3967 onere

171 4041 178 4052 ·
206 4041 292 4099 omno
307 4014 1074 4131 omme,idet,omoommdiperteesimdsnspuante
1088 4056 1233 4132 camper-
