2559 4450
483 315 686 386 tarsacii.
1081 328 1115 384 tn

91 405 146 475 iioc‘
159 419 211 476 oro
224 411 253 477 et
264 434 315 492 per
324 425 413 479 totam
426 424 513 480 vitam
525 429 627 494 orabo,
650 430 762 481 moon
777 438 991 492 nnosrsrssrns,
1004 427 1037 478 ut
1058 424 1114 480 sub

60 507 102 556 tuo
112 505 294 576 Pontificatu‚
310 509 538 566 ambianensium
549 509 679 568 charitat
688 509 785 581 macic
796 521 830 564 ac
841 507 937 579 atacis
948 506 1071 566 atandot
1081 507 1115 565 t'tt

58 587 130 642 omni
144 589 263 646 scicntia
274 595 301 648 et
310 593 472 662 pmdeattc.

87 675 229 729 Pastorum
244 677 358 746 quidem
370 677 490 733 charitas
507 685 614 734 crescat
625 676 656 734 in
667 676 783 734 scientia
792 666 806 747 3¹
813 691 851 734 ne
869 675 977 733 defectu
988 675 1113 746 tomtnts,

56 757 82 810 in
96 757 202 814 foveam
214 750 314 816 cadant
329 761 397 830 ipsi,
411 768 439 817 et
454 764 523 818 alios
538 777 634 820 secum
644 763 801 832 praecipites
812 762 915 816 ducant
927 778 936 815 t
949 761 1115 816 eorumdem

55 847 141 895 antem
152 843 269 900 scientia
285 853 392 901 crescat
408 847 438 901 in
449 847 599 914 charitate,
616 852 649 902 ut
661 847 817 912 aedificent,
830 844 906 901 etad
916 844 966 902 Dei
975 845 1112 914 moriam,

54 924 155 981 tructus
167 925 284 994 justitiae
295 930 325 986 in
341 945 372 985 sc
385 931 453 986 etin
467 933 528 986 aliis
545 931 635 987 ferant
646 930 830 986 abundanter.

85 1011 213 1068 omnium
224 1013 329 1082 pariter
343 1015 466 1070 fidelium
475 1022 588 1072 tuorum
607 1015 728 1071 charitas
739 1019 847 1071 crescat
860 1014 890 1068 in
905 1012 984 1068 omni
994 1010 1113 1070 scicntia

54 1100 79 1149 et
93 1097 253 1165 prudentia;
274 1081 414 1168 huiusque
433 1101 602 1155 omnimodae
616 1100 741 1154 scientiae
755 1097 891 1154 nudibus
906 1097 1034 1152 noverint
1048 1111 1113 1153 onr-

53 1193 114 1246 nes,
126 1195 185 1235 non
206 1183 400 1238 tantummodo
417 1183 494 1252 quod
507 1185 615 1240 bonum
633 1187 662 1237 et
679 1183 798 1250 malum,
812 1182 863 1237 sed
877 1180 994 1237 meliora
1007 1187 1036 1237 et
1053 1182 1114 1236 nti·

53 1261 117 1318 liora
127 1263 289 1320 discernere
302 1272 329 1320 et
341 1265 479 1334 amplecti.
495 1266 619 1329 Probent
630 1265 762 1336 potiora,
774 1280 874 1336 puram
885 1270 914 1320 et
925 1263 1003 1320 nulio
1017 1277 1114 1322 errore

53 1349 264 1402 contaminatam
275 1350 475 1406 conscientiam
484 1351 520 1406 ad
530 1353 618 1404 iteum
626 1349 758 1405 habeant.
769 1348 834 1406 Sint
844 1346 1113 1416 siwertdnottemo
1194 1360 1199 1369 '

50 1432 118 1498 pede
135 1437 255 1501 pergant
270 1437 298 1488 et
317 1441 499 1502 perseverant
510 1433 609 1505 repleti
624 1433 740 1503 copioso
755 1434 896 1499 bonorum
911 1446 1029 1502 operum
1044 1447 1113 1501 pro·

51 1522 143 1582 ventu,
154 1515 286 1588 caputio
301 1517 376 1574 diem
388 1516 496 1574 Christi
509 1517 659 1587 gloriosam
667 1535 677 1586 ς
689 1517 776 1588 idque
795 1531 879 1574 omne
893 1530 945 1587 per
955 1516 1049 1587 ipsum
1061 1515 1111 1573 lc-

50 1613 112 1653 som
124 1597 290 1670 Christum,
307 1601 345 1656 od
356 1601 412 1657 Dei
428 1600 543 1657 laudem
554 1606 580 1658 ct
592 1600 730 1672 cloticm.

80 1686 139 1738 Hoc
151 1689 194 1738 est
204 1685 293 1740 eterit
307 1682 471 1741 continuum
482 1686 575 1742 cordis
583 1686 639 1740 mei
658 1691 766 1752 votum,
778 1687 890 1740 masur
901 1692 1107 1742 mnnsnrssmda

50 1767 160 1822 Interim
175 1767 297 1837 henigne
315 1770 508 1840 suscipendo,
522 1771 716 1840 quatecunque
726 1782 797 1824 meae
808 1781 873 1838 erga
887 1775 916 1824 tc
929 1769 1107 1836 reverentiae,

50 1852 111 1907 tidei
126 1859 156 1908 et
167 1853 297 1922 obsequii
307 1855 466 1922 specimen3
478 1855 536 1910 imo
555 1855 666 1922 suscipe
682 1854 767 1910 totius
787 1853 894 1908 ordinis
905 1853 972 1921 mei,
985 1867 1020 1907 ac
1031 1865 1108 1921 prae*

50 1938 141 1992 sertim
151 1937 236 2006 hujrrs
249 1943 353 1992 nostras
363 1937 526 1992 Parisiensis
536 1939 700 2008 provinciae,
713 1951 765 2007 pro
775 1942 825 1995 tua
841 1935 974 2008 tinctum
983 1935 1110 1993 benero-

50 2018 146 2089 tantu,
157 2021 325 2092 perpetuum
341 2021 516 2092 gratitudinis
527 2028 750 2079 monumentum.
