2559 4450
258 276 431 357 sarrana
449 305 674 380 arrosrrro.
693 307 775 364 car.
795 307 875 367 rur.
1046 313 1100 369 aar

57 395 106 449 23,
120 396 185 449 Non
199 395 291 450 solum
308 404 400 453 autem
413 399 476 467 illa,
530 401 585 454 lion
600 399 684 454 solum
694 408 780 454 autem
798 405 957 457 insensibiles
978 410 1100 458 ereatura

25 475 74 526 sed
85 483 112 528 et
124 490 183 528 nos
196 476 252 544 ipsi
261 479 398 544 primitias
413 481 477 548 spi.
500 471 583 521 taliter
597 477 701 534 gemunt
710 495 717 534 ;
732 474 776 524 sed
794 479 819 524 et
840 489 886 526 nos
906 479 953 539 ipsi
972 475 1100 540 Apostoli,

24 554 94 605 siffis
115 553 313 611 haben105.et
332 554 386 622 ipsi
404 558 477 612 imm
500 543 543 602 qui
569 541 659 591 Sancti·
677 543 784 605 Spiritus
808 546 933 608 primitias
957 549 1100 608 recepimus

24 649 75 685 nos
85 634 241 701 gemimus,
255 597 436 702 {dopfionem
449 640 478 692 fi·
500 612 570 658 tauta
590 622 650 658 cum
668 610 840 669 abundantia,
858 615 887 659 ut
905 611 973 673 pleni
992 618 1018 661 et
1032 615 1100 664 beati

208 719 412 780 ease

26 788 474 860 ὁθωΡῑῑθΠθωθθΨθΠθῦθὸῑΓῙ·
498 814 647 864 anhelantes
670 814 703 864 ad
723 814 826 877 plenam
844 818 870 864 ot
896 822 1099 870 consummatam

498 884 676 947 adoptionem,
690 884 740 945 qua
759 896 861 946 corpore
875 889 976 946 nostro,
988 899 1017 935 ex
1028 900 1099 938 mor·

498 953 553 1015 teli,
565 952 703 1004 immortali
714 953 790 1015 iacto,
802 953 964 1006 liberabimur
973 955 1004 1006 ab
1016 959 1100 1008 omni-

498 1024 546 1075 bus
558 1025 679 1073 miseriis.

54 1092 104 1143 it.
119 1090 180 1160 Spe
190 1091 266 1146 enim
277 1091 475 1147 salviiaciisu·
529 1093 630 1144 Etenim
647 1105 690 1156 spe
711 1090 961 1154 tantummodum
977 1105 1022 1154 re,
1035 1092 1098 1146 seiri

24 1299 103 1355 rarii,
114 1301 167 1348 etc.
180 1298 267 1360 idest,
277 1299 355 1349 simul
367 1299 501 1350 condolent
512 1311 603 1361 magno
615 1299 700 1350 dolore
709 1338 715 1360 ‚
724 1299 795 1361 quasi
808 1298 908 1348 leminea
921 1301 1097 1362 parturientis,

24 1372 46 1413 et
57 1367 241 1417 liberationem
256 1382 330 1418 suam
342 1383 402 1419 eum
413 1372 508 1431 gemitu
522 1373 756 1432 exspectantesque
770 1369 867 1427 adbuc,
879 1368 906 1419 id
919 1372 972 1430 est,
982 1369 1013 1418 ab
1025 1371 1097 1420 initio

24 1437 119 1484 mundi
139 1449 223 1497 usque
237 1451 317 1488 nune.

50 1507 125 1555 Finit
142 1506 250 1566 hle-illa
266 1507 378 1571 Apostoli
395 1508 559 1570 metaphora,
570 1507 621 1569 qui
633 1509 671 1559 sie
685 1509 882 1558 immensitatem
895 1505 1040 1558 futurorum
1051 1506 1097 1558 bo·

23 1590 119 1625 uorum
131 1575 208 1626 nobis
219 1577 344 1639 declarat,
358 1582 388 1627 ut
401 1584 426 1626 et
440 1591 487 1627 nos
504 1577 647 1640 pudefaciat
659 1581 728 1626 tauta
737 1577 802 1626 bona
813 1577 899 1626 mimis
913 1576 1080 1627 desiderantes
1088 1595 1097 1638 i

23 1649 95 1705 sponsi
113 1645 213 1695 diceret
224 1664 231 1695 ε
243 1645 358 1706 Coelum,
371 1651 452 1705 terra,
466 1645 591 1696 elementa
608 1650 633 1694 et
649 1649 770 1696 creatura
786 1647 976 1708 congemiscunt
987 1650 1012 1696 et
1028 1659 1097 1696 eom-

23 1718 178 1776 parturiunt
188 1715 222 1765 ab
238 1716 413 1769 initlomundl
426 1729 505 1778 usqua
522 1729 607 1776 nunc,
620 1715 840 1765 vehementissime
857 1716 1025 1766 desiderantes
1040 1729 1097 1778 reg-

24 1800 88 1834 num
102 1787 149 1854 liei
162 1788 284 1836 creatoris
295 1788 351 1847 sui,
362 1790 388 1836 et
399 1786 600 1851 redemptionem
608 1799 653 1836 seu
662 1786 804 1838 libertatern
813 1786 924 1836 illiorum
937 1785 980 1834 liei
988 1823 995 1847 ,
1004 1787 1097 1848 quibus

26 1857 84 1915 ipsae
105 1857 235 1906 seruiunt.
336 1862 345 1888 ⁸

53 1925 86 1973 Ei
98 1937 163 1985 uos,
178 1923 225 1974 tilii
237 1924 297 1986 Dei,
310 1928 457 1976 servitutem
468 1928 581 1976 nostram
591 1939 708 1976 mamus
718 1945 726 1986 ;
738 1924 879 1975 liberatoris
890 1925 970 1974 nostrl
981 1923 1096 1975 reformi-

26 1992 118 2042 damus
128 1992 285 2054 adventum;
297 1995 328 2043 ad
341 1997 419 2058 ipsius
428 1996 671 2058 approximationem
680 1994 849 2056 trepidamus;
861 1992 999 2042 adveutum
1011 1996 1095 2057 regni,

26 2066 92 2125 quod
108 2063 225 2127 quotidie
240 2068 357 2124 rogantes
376 2067 485 2128 petimus
494 2102 501 2125 ‚
511 2079 572 2114 cum
584 2069 655 2114 metu
669 2065 817 2124 refugimus.
1003 2103 1006 2110 .
1099 2121 1102 2127 ¹

55 2137 89 2184 Ne
102 2134 222 2184 creaturi
236 2135 344 2184 efficiare
361 2136 484 2185 deteriori
496 2148 547 2184 neu
566 2138 595 2185 tu
612 2134 777 2198 praesentibus
789 2131 863 2182 rebus
876 2133 1038 2195 acquiescam
1052 2132 1096 2186 sed

27 2221 135 2258 raecum
149 2207 196 2257 bei
212 2205 375 2270 desiderans,
392 2208 529 2271 ingemisce
544 2205 576 2256 ob
598 2204 794 2258 retardationem
811 2206 902 2255 nostra
922 2203 953 2256 ab
974 2203 1023 2254 hoo
1037 2203 1097 2259 orbe

27 2279 201 2339 protectionis.
211 2276 241 2326 ii.
251 2276 342 2339 Chrys.
560 2331 565 2340 ι
1027 2336 1029 2341 ,

55 2350 178 2406 Domina,
191 2348 295 2409 adaupe
306 2348 398 2411 fiderem·
412 2346 446 2397 da
459 2347 522 2397 mihi
533 2359 639 2408 regnum
651 2349 726 2393 tuum
736 2342 795 2393 vere
809 2342 964 2404 desiderare,
974 2346 1004 2393 ut
1020 2343 1095 2395 cerda

28 2422 92 2468 sicut
104 2424 129 2469 et
141 2430 186 2469 ore
198 2418 282 2468 dicam
292 2418 404 2480 quotidie
415 2418 554 2467 iidoeniot
571 2425 676 2476 repausa
690 2420 776 2472 tuam,
791 2417 815 2463 et
830 2418 1011 2476 cousequenter
1025 2427 1096 2465 mor-

27 2495 76 2538 tem
89 2491 234 2553 aspiciam,
248 2501 300 2537 non
313 2482 342 2537 ui
355 2487 571 2549 destructionem,
581 2484 625 2535 sed
644 2487 673 2534 ut
686 2487 799 2535 nostram
810 2482 842 2533 ad
853 2485 1028 2547 aeterni-regni
1041 2484 1095 2547 gio·

29 2564 106 2622 riam,
123 2560 330 2625 parturitionem.

57 2668 95 2712 23.
110 2664 169 2714 Non
184 2661 269 2712 soldos
279 2666 363 2712 caum
380 2661 458 2711 iila...
472 2660 498 2709 id
509 2661 559 2720 est,
571 2672 624 2710 non
646 2658 729 2709 soldm
748 2660 870 2709 creatrua
885 2656 1043 2709 irrationales
1056 2670 1097 2721 ge·

29 2738 101 2782 munt
110 2754 118 2795 3
126 2734 172 2783 sed
182 2738 206 2782 ei
215 2731 333 2796 nosipsi,
342 2729 525 2793 sireApostoli,
534 2728 692 2789 siveiideles,
701 2728 831 2791 primitias
841 2728 952 2790 Spiritus
963 2728 1094 2789 babentes,

30 2806 52 2850 id
72 2810 126 2864 cst,
142 2805 189 2865 qul
203 2804 299 2866 primos
321 2800 429 2864 spiritus
446 2801 532 2849 Sancti
555 2799 654 2849 tructus
673 2812 733 2849 cum
748 2798 906 2849 abundantia
920 2801 1095 2861 percepimus

29 2875 117 2930 tisiam,
129 2884 216 2935 spem,
229 2871 393 2931 charitatem,
404 2872 511 2920 virtutes
529 2867 643 2929 inlusae,
654 2867 725 2917 dotes
738 2870 764 2917 et
782 2866 948 2930 charismata,
959 2879 1016 2930 qua
1032 2870 1095 2921 tuuc

29 2940 195 2989 abundabant
210 2942 239 2988 ln
252 2941 382 3001 primitiva
394 2938 518 2989 Ecclesia.
595 2984 598 2988 ,

59 3027 90 3070 Et
100 3023 153 3085 ipsi
163 3022 233 3071 intro
242 3036 288 3071 oos
298 3024 436 3085 periimus,
449 3025 497 3072 etc.
507 3034 554 3071 nos
563 3022 701 3083 ,inquam
714 3021 754 3070 bis
764 3032 815 3070 nou
832 3020 981 3081 satiati,sed
992 3022 1025 3071 ad
1039 3034 1096 3085 per·
1134 3078 1137 3085 ‚

30 3094 133 3141 laetiora
155 3091 229 3141 nobis
244 3094 368 3154 promissa
389 3092 489 3152 allecti,
503 3091 572 3141 intro
588 3105 634 3141 nor
657 3094 724 3154 ipsos
744 3091 884 3153 periimus,
900 3090 1048 3138 anhelantes
1061 3090 1095 3139 ad

30 3164 131 3223 plenam
147 3166 175 3209 et
188 3166 393 3211 consummatam
408 3162 584 3224 adoptionem,
598 3161 689 3219 idest,
704 3160 738 3207 ad
754 3163 874 3207 aternam
890 3156 1050 3219 felicitatem,
1062 3158 1095 3208 ad

31 3247 105 3293 qoam
117 3231 231 3293 adoptati
243 3243 348 3293 suenus,
358 3232 551 3295 rederoptioaem
565 3232 678 3293 cooperta
690 3229 783 3287 cosm,
794 3228 821 3277 id
834 3234 885 3290 est,
901 3230 928 3279 in
942 3241 992 3291 qna
1003 3229 1095 3280 libera-

31 3304 114 3350 bimur
125 3301 141 3349 d
151 3300 323 3362 mortalitate,
337 3304 543 3363 concupiscentia
558 3304 584 3349 et
594 3299 713 3350 omnibus
725 3298 802 3358 huius
815 3300 873 3347 rita
886 3300 1003 3350 miseriis.

61 3371 157 3432 Duplex
176 3373 217 3419 est
232 3371 334 3433 adoptio
353 3369 464 3421 iillomm
481 3370 525 3419 liei
534 3388 542 3431 i
556 3382 608 3422 una
623 3368 700 3429 huius
716 3366 795 3417 seculi
814 3367 976 3430 imperfecta,
994 3381 1051 3429 qum
1065 3367 1095 3419 ui

32 3441 265 3505 pergratumque
276 3442 417 3491 seeundum
426 3444 539 3491 mentem
548 3451 739 3503 regeneramur;
749 3438 914 3500 adoptimum
925 3438 1004 3489 altera
1015 3438 1095 3489 icturi
1108 3470 1111 3478 ·

32 3513 111 3560 seculi
126 3514 318 3571 consummata,
335 3509 541 3572 qua-seeundum
558 3511 640 3559 totum
658 3505 983 3570 bomimmenovabimur
996 3509 1028 3557 ad
1040 3508 1094 3569 gio-

33 3586 95 3632 riam
111 3602 118 3632 ι
132 3589 157 3632 ei
173 3582 284 3632 adhunc
296 3582 470 3645 periectamet
482 3579 884 3632 consummatamrenovationem
902 3576 988 3628 fideles
1002 3578 1095 3629 Sancto

34 3655 127 3715 Spiritu
140 3650 211 3715 pleni
227 3650 359 3701 anhelant.
409 3667 412 3677 ¹

64 3724 154 3771 Omnia
169 3724 255 3785 gratim
263 3721 330 3771 dona
340 3734 410 3771 nnnc
421 3723 482 3771 sunt
492 3715 721 3783 primitiesmaum
732 3717 757 3764 et
770 3716 842 3765 initia
855 3716 935 3779 plenae
946 3715 1096 3777 espeniacus

34 3794 213 3855 redemptionis
228 3795 274 3842 eet
284 3792 326 3841 lia
343 3794 462 3854 primitia
476 3795 577 3841 sancms
595 3790 705 3837 excitant
715 3784 747 3835 ad
759 3785 861 3848 plenam
877 3799 986 3837 messem
998 3786 1095 3837 deside-

35 3860 299 3924 1·andam.0perieeia
315 3859 473 3924 redemptio!
485 3859 500 3909 d
514 3859 590 3921 plena
606 3860 633 3905 et
651 3858 748 3917 integra
766 3854 867 3919 adoptio
877 3858 883 3905 i
894 3855 909 3905 ri
919 3861 1095 3909 consummata

36 3934 120 3982 sancti
132 3930 241 3995 spiritis
251 3931 341 3981 musio
352 3933 359 3979 i
372 3930 475 3993 quande
490 3930 536 3981 ties
548 3932 581 3978 in
590 3926 680 3976 nobisi

65 4036 105 4087 aa.
119 4032 170 4099 Spe
182 4021 248 4085 eoin
260 4031 327 4086 sotei
339 4010 401 4098 loeti
411 4043 529 4087 ramus...
538 4028 664 4084 rationem
675 4024 732 4091 dat,
743 4026 775 4081 ob
788 4036 865 4093 auam
876 4022 962 4081 tideles
974 4024 1094 4081 mbeleai
