2559 4450
258 215 432 274 ‘IRIPLEX
449 219 673 278 EXPOSI'HO.
693 219 776 278 GAP.
794 222 827 278 V.
1038 225 1076 281 'ii-

22 319 42 370 is
53 320 151 384 regnet
161 315 400 386 perimatitiamin
409 318 454 372 vi-
478 319 505 368 in
515 321 624 369 mortem
644 319 792 382 pertrahens
799 341 807 382 ;
821 321 857 372 ito
873 322 952 384 gretia
963 310 1074 382 (terimi,

21 412 59 447 am
93 403 252 459 aeternam,
283 411 335 464 per
359 399 454 451 lesum
477 386 604 438 destructo
614 390 711 451 peccati
729 400 822 450 regno,
834 392 920 450 regnet
937 401 981 453 per
997 391 1075 452 iusti-

21 474 141 526 ,psjsfflm
149 473 308 528 uminum
315 478 452 529 nostrum·
476 459 623 518 flammam
642 460 670 507 in
688 459 768 507 ritem
788 457 865 508 ducet
878 460 1014 518 uternam,
1029 469 1076 521 per

477 525 535 576 iesu
549 524 642 576 Christi
655 525 755 576 iiomiui
765 527 845 576 nostri
858 527 957 576 merita.

21 694 190 746 castificatione
204 694 326 758 Spiritum
336 695 459 748 sanctum
471 709 547 747 suum
563 695 628 746 mihi
641 695 752 758 dederit,
764 697 863 747 uterum
874 694 962 746 salutis
973 696 1074 760 pignus.

21 766 252 816 commentar.
269 779 297 816 aa.
309 768 324 817 5
334 769 360 815 ct
375 769 413 816 io.

35 836 91 893 Quis
108 840 173 898 post
193 835 256 885 taiie
274 835 355 886 divini
372 835 466 886 amoris
482 836 628 886 testimonia
645 848 697 885 non
714 839 816 898 speret?
835 835 937 898 spurco
952 835 980 885 s'n
993 840 1015 885 tc
1030 835 1075 898 out

21 911 123 954 :comm
131 917 230 956 nomeu
238 910 320 954 ioum.
328 903 393 954 esai.
404 908 429 958 9.
438 917 465 955 n.
479 908 517 954 ii.
529 906 565 954 Tc
573 919 611 964 es,
619 905 739 962 Domine,
748 917 874 967 aposmeo.
884 903 949 954 esai.
961 907 1000 954 90.
1012 917 1039 954 n.
1048 909 1073 955 9.

21 975 64 1021 iiii
81 976 221 1026 odhoererc
234 976 286 1025 Deo
302 973 396 1025 iocum
411 979 460 1035 oet,
474 981 497 1026 et
508 989 600 1038 pooerc
614 976 643 1025 io
653 974 759 1026 Domino
772 975 823 1025 Deo
839 987 893 1025 mco
904 987 972 1037 spem
982 987 1074 1024 mecm.

21 1044 67 1093 izei.
81 1049 122 1094 72.
138 1060 171 1096 n.
188 1049 230 1096 28.

38 1115 114 1163 irruo
129 1113 556 1178 maoramsr.-oupicxest1n
574 1113 673 1166 Christo
691 1115 744 1178 spei
758 1115 850 1164 nostrae
865 1109 1072 1176 tundamentum,

21 1186 99 1232 ¹¹iiicct
110 1184 189 1234 iliius
202 1187 228 1234 et
241 1197 310 1235 mors
320 1188 346 1235 et
357 1187 420 1234 rita.
432 1198 459 1235 n.
474 1188 489 1235 9
501 1187 526 1234 et
543 1189 581 1236 io.

38 1257 85 1304 Pro
96 1255 202 1306 dehetis
207 1255 301 1305 uostris
307 1259 423 1304 mortuus
431 1260 466 1305 cet
473 1277 482 1306 ,·
489 1261 593 1318 propter
600 1251 1072 1319 nostromp'usttficcta’ooemroeuorecr't.

39 1326 82 1374 Pro
93 1337 138 1375 me
146 1326 266 1376 moriens
276 1326 305 1374 in
320 1335 397 1375 cruce
407 1336 467 1376 cum
477 1323 597 1387 lacrymis
612 1328 638 1374 ct
649 1325 780 1391 sanguinis
792 1322 914 1374 effusione
927 1320 1074 1385 deprecatus

21 1403 54 1445 ut,
1009 1433 1012 1440 .

38 1469 108 1518 Nunc
130 1468 162 1518 in
182 1466 255 1518 creis
268 1467 357 1517 virum
376 1471 483 1529 apparet
497 1464 583 1517 ochoi
597 1464 659 1526 Det,
677 1467 703 1516 st
722 1463 806 1516 adhuc
825 1464 1004 1527 stigmatiaatue
1019 1464 1074 1514 orat

20 1551 53 1598 pro
66 1553 116 1588 me·

41 1609 114 1668 spero
128 1610 221 1672 itaque
236 1609 264 1658 in
281 1609 407 1668 mortem,
418 1619 495 1669 quem
511 1618 559 1670 pro
574 1617 617 1656 mo
630 1603 699 1656 tulit.
716 1603 793 1668 Spero
807 1607 832 1656 et
843 1606 871 1656 iu
881 1606 961 1656 ritum
977 1605 1073 1656 miseri-

21 1680 127 1740 coruom,
140 1681 195 1742 qus
207 1691 254 1743 pro
264 1691 305 1728 me
316 1677 438 1740 gloriosus
450 1679 523 1727 vivit.

44 1749 65 1796 Si
79 1763 124 1811 pro
140 1742 186 1800 nie
197 1753 330 1812 peccatore
350 1752 420 1797 tenta
436 1760 524 1809 passus
542 1750 580 1797 est
595 1744 721 1810 mortuiis,
733 1745 794 1809 quid
813 1757 859 1812 pro
878 1757 920 1798 me
935 1747 1073 1812 postumo

21 1831 61 1866 mn
73 1819 149 1870 saciet
159 1821 287 1884 gloriosus
299 1822 325 1868 et
335 1820 514 1880 omnipotens?

45 1887 137 1938 Timeat
154 1889 262 1952 quidem
279 1887 438 1938 christianus
452 1887 484 1935 oh
498 1888 604 1949 peccetr
619 1897 665 1936 sue
683 1888 731 1937 rat
745 1884 826 1937 multo
844 1888 924 1948 magis
945 1886 1027 1948 speret
1041 1883 1072 1934 oie

22 1957 101 2007 timisti
115 1961 253 2010 morientis
266 1962 291 2007 et
303 1959 411 2007 viventis
424 1959 523 2006 merita.

46 2027 75 2074 iie
94 2031 195 2088 judicio
214 2031 327 2090 cogitans
348 2027 507 2077 Christianus
523 2029 615 2090 cogitet
633 2029 660 2076 et
681 2025 712 2075 de
731 2024 830 2075 Christo
846 2023 930 2085 iudice
947 2041 953 2072 c
969 2033 1016 2084 pro
1031 2032 1073 2070 mc

24 2104 126 2148 ¹mertuos
139 2103 180 2150 est
193 2097 322 2157 Christus,
333 2109 379 2160 pro
394 2108 436 2146 me
447 2096 525 2146 oreti
537 2097 645 2146 mortuis
657 2097 792 2145 suscitatus
804 2111 810 2140 c
826 2104 897 2157 spero
910 2093 994 2152 itaquo
1007 2091 1073 2139 etin

24 2174 135 2218 uicinum
145 2169 269 2235 sperabo,
283 2170 308 2216 et
323 2166 350 2216 i'n
364 2170 471 2215 mortem
487 2168 512 2213 et
525 2167 553 2214 in
565 2167 645 2215 vitam
659 2163 762 2213 Christi.
774 2211 782 2230 ,

50 2240 150 2289 Etiamsi
158 2254 203 2290 me
213 2239 342 2297 occiderit,
351 2238 379 2288 io
393 2250 449 2286 eum
457 2235 574 2299 sperato.
585 2236 646 2297 Spes
657 2237 741 2295 itaque
752 2234 846 2293 nostre,
854 2229 967 2294 gloriatio
978 2232 1071 2289 nostru,

27 2309 68 2357 ioia
78 2312 110 2360 sit
121 2312 151 2361 iu
163 2309 282 2370 Cheimo,
293 2311 318 2358 ct
327 2319 373 2373 per
384 2305 513 2357 Christum
527 2306 556 2355 iu
570 2303 630 2353 lieo.
642 2316 670 2353 n.
684 2306 722 2355 to.
