2559 4450
411 335 628 408 ventosus,
646 342 701 397 Μ.

206 923 213 935 .
329 802 783 932 PROLOGUS

9 1149 10 1152 =
157 1105 201 1174 lli
220 1103 364 1170 OMNES
382 1104 535 1170 SANC'll
554 1105 683 1169 Phlihl
702 1103 949 1170 epistolas

26 1508 308 1637 Qnrrrornsem
327 1537 490 1638 epistolas
512 1541 559 1611 D.
583 1539 716 1614 Paulus
741 1536 903 1637 scripsit,
921 1559 998 1624 non
1012 1547 1087 1614 tarn

24 1677 216 1739 atramento
226 1717 238 1754 ,
261 1665 368 1763 quim
396 1662 531 1761 Spiritu
554 1663 623 1737 Dei
638 1661 712 1739 vivi
727 1688 737 1734 ε
751 1661 875 1737 desem
899 1662 945 1736 ed
959 1664 1086 1737 Eoele-

24 1792 105 1879 sias3
119 1787 166 1862 ad
183 1791 382 1875 Romanos,
396 1786 541 1894 scilieet,
551 1790 677 1876 uusm',
696 1785 742 1859 ad
757 1786 960 1862 Corinthios
975 1787 1084 1878 durs,

24 1914 62 1985 ad
80 1913 222 1987 Galatas
235 1935 367 1998 unam,
385 1909 431 1983 sd
446 1908 618 2008 Ephesios
628 1933 761 2001 unam,
779 1910 825 1984 sd
838 1911 1086 2010 Philippenses

23 2061 148 2125 unam,
177 2033 227 2108 ad
252 2035 477 2108 colossenses
514 2057 625 2108 unam
636 2086 650 2125 ,
679 2034 726 2108 sd
754 2034 1086 2110 Thessalonicenses

23 2160 126 2250 duas,
148 2158 195 2233 ad
213 2156 380 2232 llehraeos
401 2180 512 2231 unam
531 2171 709 2259 equetuor
727 2156 774 2231 ad
788 2157 986 2257 singulares
1000 2179 1085 2256 per-

21 2310 141 2375 sonas,
160 2308 294 2383 nempe
312 2281 399 2357 duas
420 2281 468 2355 sd
488 2283 746 2375 Timotheum,
762 2305 877 2357 unam
894 2280 941 2355 ad
963 2282 1085 2357 Titum

22 2422 52 2481 et
68 2434 180 2483 unam
200 2407 247 2481 ed
270 2407 535 2481 Philemonem.

61 2536 206 2633 Legunt
216 2531 362 2631 quidam
373 2584 384 2619 ‚
397 2544 432 2605 et
443 2530 490 2603 ad
504 2528 761 2620 Laodicenses,
773 2526 838 2602 sed
852 2525 898 2601 ab
916 2525 1083 2603 omnihus

21 2658 237 2755 exploditur,
255 2654 303 2727 ait
314 2658 364 2727 D.
383 2654 652 2755 Hieronymus,
669 2652 735 2727 lib.
753 2650 800 2725 de
815 2652 896 2731 vir.
914 2652 1044 2727 illustr.

61 2784 116 2855 De
142 2782 213 2855 hro
235 2780 284 2853 ad
307 2778 420 2853 Laod.
445 2779 617 2877 epistola,
634 2778 717 2855 vide
739 2803 816 2878 esp.
836 2777 889 2869 lt,
913 2777 1015 2877 epist.
1034 2777 1082 2854 ad

21 2906 264 2994 colossenses,
286 2926 327 2977 n.
359 2900 420 2975 16.
437 2902 531 2980 Vide
549 2903 657 2977 etiam
675 2902 815 2979 meet.
840 2903 885 2977 in·
909 2902 1011 3002 epist.
1035 2900 1083 2975 ed

18 3028 198 3125 Ephesios.

58 3153 206 3225 Constat
219 3147 368 3249 quidem
378 3146 475 3246 'apud
494 3168 620 3223 omnes
628 3147 728 3247 qudd
742 3148 799 3224 hu
812 3148 1082 3249 quatuordeeim

17 3275 177 3370 Epistolae
197 3296 275 3347 non
291 3274 366 3346 sint
385 3272 425 3345 in
446 3271 779 3364 Bihliisoollooatae,
792 3298 921 3374 eoquo
945 3275 1083 3372 seriptis

17 3398 160 3475 luerunt
178 3396 329 3487 ordine;
347 3394 638 3471 sieutduodeeim
649 3397 837 3496 Propheta
850 3421 928 3471 non
942 3409 1026 3471 sunt
1041 3398 1081 3473 in
1198 3407 1200 3410 ’

17 3520 133 3595 Bibliis
165 3520 294 3595 ordine
320 3532 523 3619 temporum
555 3518 738 3611 eollooati,
764 3521 813 3593 ait
839 3522 889 3595 1).
923 3522 1081 3596 Josnnes

18 3627 308 3744 chrysostomum
318 3642 408 3718 siem
422 3642 549 3743 psalmi
560 3642 723 3721 Devidiei
734 3643 904 3745 temporis
914 3643 1080 3722 ordinem

16 3787 82 3841 non
98 3768 237 3842 hahent
247 3819 260 3859 ‚
273 3768 323 3841 ait
334 3766 591 3842 Theodoretus.
1089 3844 1093 3850 ,

54 3889 204 3967 Arnon
230 3894 332 3992 nque
360 3888 612 3991 ronststapnd
628 3914 756 3969 omnes
779 3889 827 3965 de
850 3888 978 3965 ordine
1004 3916 1079 3993 quo

17 4011 192 4116 presque
212 4011 731 4117 superessemus·
744 4011 958 4136 enatae
978 4014 1083 4097 vaes
1168 4110 1171 4115 ,
