2559 4450
22 62 26 71 .
45 49 82 82 ι...
101 38 149 84 pt„
170 13 287 101 coeptat&
307 44 319 69 ι
336 40 340 45 “

260 281 430 338 sarrana
447 267 666 346 arrosrrro.
686 287 767 344 car.
787 289 837 344 xr.
1026 287 1079 343 rar

42 377 88 427 25.
100 376 175 430 Nolo
184 359 457 444 animrosignorare,
514 377 574 440 liic,
588 362 691 444 iratres,
700 381 770 431 vobis
781 385 878 444 aperire
886 381 943 433 nolo
953 382 1079 444 quoddam

13 453 129 518 tratres,
153 458 320 522 mystarum
335 456 390 510 1100
413 454 459 524 (ut
480 461 620 510 areanum,
634 450 701 512 quod
715 449 777 501 iortd
787 452 886 502 silentio
898 453 1079 514 tegerem‚nisl

13 544 63 580 ΗΜ,
80 531 149 584 sins
166 532 249 586 vobis
262 534 334 599 ipsi,
348 533 460 600 sapien.
481 519 563 568 vestra
578 519 682 570 referret
695 533 736 570 ma
748 519 833 582 loqui,
848 535 880 572 na
891 522 922 571 da
936 527 1019 572 restra
1029 522 1079 574 fida

12 607 61 672 tas)
152 610 179 662 'a
197 611 308 663 φθίῃς
326 625 360 664 ex
432 616 459 665 [θ
481 589 644 650 superbiatis,
661 592 686 638 et
702 591 730 638 ln
745 588 844 641 Judaeos
857 591 999 641 incredulos
1013 594 1080 640 insa·

13 704 21 717 μ
62 623 161 740 [30931
261 691 272 742 ¹
300 691 318 744 d
379 625 431 678 par
480 656 581 706 lescatls
596 657 671 706 :boc
695 669 752 718 ergo
771 669 893 708 arcanum
918 659 985 720 quod
1007 658 1080 708 vobis

13 701 58 787 [9¹¹
73 705 113 753 ¹0¹
139 703 173 742 ¹¹¹
188 693 289 780 [Μ]
320 704 393 744 ⁰⁰⁸⁰
403 693 459 759 9¹⁶¹
480 729 695 790 aperin,estqnia
707 726 789 776 cordis
801 730 899 778 caecitas
912 729 1021 790 inpacta
1033 729 1080 778 lu·

13 765 107 819 ‘¹¹‘ud0
119 768 257 822 Genuum
266 773 393 824 mmet·
439 811 443 816 ’
480 795 546 845 daial
562 793 649 858 populi
666 796 784 855 contigit,
799 800 824 844 et
839 796 939 845 durabit
957 797 1036 846 donee
1050 798 1078 848 ln

480 864 619 914 Ecclesiam
634 864 761 912 introierit
776 865 864 914 eornm
880 863 1018 915 Gentilium
1029 877 1079 915 nu·

38 1000 83 1051 ί26,
100 1003 139 1053 Et
152 1001 194 1054 sic
205 1003 297 1055 omnis
309 1005 393 1058 {srael
403 1005 458 1058 sal.
479 931 852 1062 ωῗῖἓᾶῐῖηὲῠεὲἱῖῗθξὲξᾱέῑὶἓὲἱ
862 999 1001 1051 Gentibum
1014 1014 1077 1052 eon-

13 1090 52 1125 ηις
63 1078 164 1144 fieret,
175 1063 388 1147 sicfiffisp‘ru‘m
398 1088 455 1137 esp:
479 1083 610 1120 versorum
624 1082 763 1136 numerus,
781 1073 845 1120 tune
863 1074 916 1120 tota
932 1071 1077 1136 ludaeorum

12 1154 104 1206 reniet
122 1169 159 1208 ex
177 1155 245 1209 3501,
274 1158 323 1224 qui
338 1159 437 1225 eripiat
479 1142 548 1190 natio
563 1143 740 1201 convertetur,
755 1143 780 1190 et
800 1140 832 1190 ad
850 1140 957 1190 salutern
974 1141 1075 1203 veniet,

13 1239 30 1280 ‚p
48 1239 167 1288 avem,
185 1197 358 1302 impi’glatem
379 1237 395 1291 a
411 1201 457 1293 sa}
479 1211 545 1260 sicut
562 1211 762 1273 scriptumest:
780 1209 869 1260 Veniet
885 1222 916 1260 ex
934 1209 1009 1272 Sion,
1025 1213 1074 1275 eto.

14 1311 65 1361 ub.

34 1461 67 1508 lie
80 1461 185 1513 nullius
195 1465 322 1527 praecipue
337 1465 475 1516 Christiani
489 1467 569 1518 salute
582 1468 768 1532 desperandum
781 1489 787 1518 ε
800 1471 859 1531 qula
875 1471 953 1531 gratia
968 1469 1014 1529 ipsi
1031 1480 1076 1529 per

13 1529 169 1589 bapstismum
185 1532 276 1584 collata
285 1571 294 1595 ,
303 1537 468 1586 connaturale
483 1537 610 1598 quoddam
622 1540 710 1589 salutis
721 1544 758 1589 est
771 1541 939 1602 principium,
952 1543 1076 1587 connatu-

18 1601 84 1650 ulem
97 1605 123 1650 ei
134 1603 253 1653 tribuens
266 1605 355 1654 salutis
366 1605 514 1656 facilitatem
524 1628 531 1656 a
541 1621 586 1670 per
596 1607 664 1659 hanc
673 1613 779 1671 gratiam
791 1610 872 1660 iactus
885 1614 922 1658 est
932 1609 1076 1658 membrum

13 1671 100 1721 inisti
111 1711 118 1732 ,
129 1675 277 1724 membrum
295 1676 414 1726 Ecclesiae
431 1677 511 1728 :licet
526 1683 630 1739 autern,
648 1694 692 1742 per
707 1686 838 1742 peccatum
848 1716 855 1741 ,
867 1681 915 1730 hoc
932 1681 1076 1730 membrum

14 1746 141 1792 nortuum
155 1745 204 1804 sit,
215 1743 316 1794 Christo
329 1749 416 1794 nmen
426 1744 500 1795 facile
516 1751 554 1796 est
569 1747 633 1796 illud
645 1763 689 1810 per
701 1751 807 1812 gratiam
821 1752 986 1809 resuscitare,
998 1748 1075 1798 illud-

14 1822 52 1866 pue
67 1824 117 1860 sno
129 1812 227 1876 Spiritu
239 1817 333 1864 lterum
345 1817 469 1864 animare.
481 1815 510 1869 st
523 1817 659 1878 Barbaros,
669 1819 764 1868 Turcas
776 1822 801 1867 et
814 1818 926 1868 infideles
937 1819 982 1868 susi
996 1817 1074 1879 gratia

15 1884 134 1929 advertit
150 1900 158 1932 ε
174 1881 269 1944 quanto
282 1881 384 1933 lacilids
395 1883 760 1950 Christianumpeceatorem,
778 1887 821 1937 sed
834 1889 998 1951 penitentem
1014 1898 1075 1934 con-

13 1953 99 1999 tanet!

36 2019 70 2067 b'e
82 2021 203 2085 desperes
214 2025 313 2086 itaqua,
323 2023 465 2074 Christiane
476 2027 607 2088 peccator,
617 2027 763 2087 quicunque
779 2025 904 2087 sis51ieus
916 2025 1075 2085 omnipotens

13 2093 57 2147 ist,
71 2105 121 2140 nec
136 2092 221 2142 ulium
233 2098 272 2142 est
287 2099 450 2156 peccatorum
462 2095 625 2156 barathrum,
638 2109 669 2145 arr
682 2109 731 2157 quo
743 2101 768 2144 te
779 2109 831 2146 non
842 2094 923 2144 valeat
935 2094 1073 2160 extrahere.
1104 2155 1105 2160 Ἰ

38 2158 102 2210 bans
120 2175 151 2210 ex
173 2162 269 2212 inlideli
288 2163 429 2213 tetidetem
445 2165 505 2214 iecit
521 2168 548 2215 in
565 2167 709 2229 Baptismo,
725 2178 753 2214 ex
770 2166 873 2230 paganis
890 2163 949 2212 iacit
963 2163 1074 2224 quotidie

13 2230 182 2295 Christianam
198 2234 294 2296 quanto
313 2234 414 2285 iacilids
431 2248 462 2284 ex
475 2237 617 2286 Christiano
633 2240 778 2299 pcccatora;
791 2235 834 2285 sed
852 2233 951 2283 dolente
970 2237 996 2282 et
1014 2246 1074 2283 aon-

14 2306 67 2349 rcrti
82 2303 203 2364 volente,
220 2303 295 2353 iaciat
308 2305 366 2353 vere
385 2304 504 2354 fidelem?

37 2371 183 2422 infidelium
197 2375 328 2421 conversio
346 2375 383 2421 est
401 2373 603 2422 Christianorum
619 2374 791 2422 conversionis
807 2373 878 2434 quasi
893 2374 992 2435 pignus.
1008 2368 1073 2421 llino

14 2447 90 2501 itaque
107 2442 140 2491 nd
156 2444 333 2505 poenitcntiam
349 2444 502 2492 animemur.
937 2442 940 2449 ’

37 2530 74 2574 25.
88 2526 154 2575 Noto
169 2526 291 2575 euimuoa
304 2514 439 2587 maerore,
451 2526 558 2589 tratres,
571 2527 719 2589 mysterium
734 2527 787 2576 hoc.
807 2524 863 2589 Syr.
879 2525 928 2574 hoc
939 2537 1071 2573 arcanum.

14 2594 76 2644 ludit
85 2594 222 2659 apostolus
230 2595 264 2645 ad
274 2596 388 2645 suturam
399 2596 544 2646 Judaeoram
557 2598 803 2657 reconciliationem,
814 2597 844 2645 de
853 2608 903 2657 qua
917 2594 984 2656 loqui
997 2597 1072 2655 coepit
1107 2612 1110 2618 ·

14 2676 33 2708 u.
48 2671 83 2714 tl.
97 2672 124 2715 et
139 2678 219 2727 quam
228 2667 366 2729 interrupit
374 2665 408 2715 ad
417 2667 603 2731 reprimendam
613 2666 752 2719 Gentilium
764 2666 915 2731 superbiam.
929 2663 1004 2714 Addit
1014 2676 1071 2727 ergo

14 2746 56 2786 {rin
74 2736 151 2785 ditiis
166 2755 173 2783 s

41 2807 103 2863 Vos,
115 2806 131 2854 o
141 2806 280 2855 Christiani
292 2804 416 2865 Gentiles,
427 2808 492 2855 scire
503 2805 579 2856 velim
591 2820 713 2858 arcanum
724 2809 772 2858 hoc
784 2807 828 2857 liei
838 2806 973 2859 consilium
983 2810 1072 2869 masta-

14 2875 76 2922 u'nm
90 2873 179 2938 :apud
194 2874 307 2934 Grecos,
323 2871 447 2935 quidquid
463 2887 595 2925 arcanum.

39 2945 46 3005 t
59 2946 86 2993 lu
98 2959 148 2993 uon
158 2945 213 2993 sitia
226 2944 297 2992 vobis
308 2944 371 3006 ipsis
384 2944 506 3005 sopientes
515 2943 541 3005 ),·
552 2945 596 2994 Gr.
610 2948 639 2994 ut
655 2959 706 2995 non
718 2948 773 2996 sitis
786 2945 853 3009 apud
866 2959 910 2995 vos
923 2948 989 3008 ipsos
1001 2958 1071 2996 arro·

14 3019 93 3060 rames
106 3033 112 3061 :
128 3012 154 3061 id
167 3017 204 3061 est
214 3010 278 3072 ,hoc
297 3015 382 3060 autem
395 3010 451 3060 dico
464 3010 496 3059 ad
507 3011 697 3075 deprimendam
714 3013 822 3063 vestrim
836 3017 1014 3075 arrogantiam,
1026 3027 1069 3063 seu

15 3096 40 3128 rra
52 3084 81 3129 da
92 3086 176 3131 vestra
187 3080 236 3130 lida
250 3081 413 3143 superbiatis,
421 3080 605 3148 vobismetipsis
616 3084 758 3147 placentes,
769 3089 794 3133 et
806 3083 876 3144 quod
887 3083 1003 3132 divinum
1017 3087 1068 3143 eat,

15 3152 78 3199 robis
95 3153 246 3201 tribuentes.
634 3175 637 3179 ⁸

43 3223 107 3277 (tutin
119 3221 225 3269 accitae
237 3218 280 3270 Gr.
299 3216 431 3269 obduratio
440 3240 447 3282 ς
456 3220 512 3283 Syr.
523 3220 658 3270 obaaecatio
670 3218 752 3269 cordis
767 3232 774 3267 r
789 3219 838 3268 hoc
850 3231 907 3280 ergo
920 3222 1070 3280 mysterium

15 3296 58 3348 cst,
77 3290 145 3351 quod
163 3292 263 3339 cactus
279 3294 304 3339 et
321 3290 470 3353 obduratio,
482 3305 535 3341 non
546 3292 662 3341 omnium
672 3327 679 3351 ,
689 3289 733 3339 scd
748 3292 864 3341 manime
877 3291 955 3351 partis
971 3288 1071 3339 ludaeo-

16 3372 78 3419 rum,
91 3360 135 3409 Dai
151 3358 317 3422 permissione
329 3360 431 3409 accidit.

40 3432 127 3479 boner.
148 3429 193 3478 Gr.
216 3440 347 3489 usquequo
366 3429 442 3491 :Syn
462 3443 541 3492 usque
554 3430 633 3489 dum,
646 3428 672 3479 id
683 3433 733 3490 est,
745 3432 770 3479 et
781 3428 882 3478 durabit
896 3426 952 3478 haec
971 3428 1070 3477 cecitas

15 3498 98 3559 irael,
111 3499 193 3549 donec
206 3500 234 3547 ln
245 3499 385 3549 Ecclesiam
397 3502 522 3551 introierit
533 3513 658 3551 numerus
671 3500 831 3561 ceramum
844 3510 874 3547 ex
884 3497 1004 3551 Gentibus
1015 3508 1071 3549 cra·

16 3570 84 3617 dibni
98 3571 168 3618 sunt

42 3655 77 3699 26.
91 3654 123 3698 Et
133 3650 170 3699 sic
181 3650 262 3699 omnis
274 3650 355 3699 lsrael
367 3650 454 3700 robus
463 3651 514 3713 tet.
522 3651 580 3713 Syr.
588 3654 615 3700 et
624 3655 702 3711 tunc,
713 3654 762 3701 etc.
776 3650 837 3701 edm
847 3651 986 3717 completus
994 3650 1071 3703 tuerit

16 3721 148 3768 naitanum
169 3731 349 3768 conversorum
371 3731 510 3781 numerus,
529 3725 583 3770 tota
599 3720 746 3771 ludaeorum
765 3722 836 3771 natio
859 3724 1020 3775 convertetur
1037 3722 1071 3775 ad

17 3793 92 3849 iilam,
102 3796 127 3839 at
137 3790 171 3838 ad
182 3788 290 3838 salutem
301 3792 395 3841 vania.

46 3864 113 3908 Sicut
124 3861 247 3921 scriptum
257 3865 330 3908 est...
341 3860 400 3909 lsai.
411 3862 450 3909 59.
462 3863 502 3911 20.
511 3861 590 3910 oeuiet
599 3877 628 3911 ca
640 3864 715 3922 Sion,
726 3864 813 3929 idest,
825 3876 855 3913 ex
863 3861 941 3913 Tribu
953 3864 1032 3927 luda,
1043 3868 1067 3919 et

18 3942 43 3977 a
55 3930 151 3978 samana
160 3924 394 3989 naumachium
405 3931 434 3980 aa
448 3928 526 3996 uon.
539 3934 657 3993 uuam
669 3931 967 4001 citramontana
977 3937 1067 4009 inpie

20 4004 88 4056 ulau
100 3996 201 4065 cuam
212 3996 343 4069 turbat
355 3995 444 4067 breti,

927 4103 957 4147 g
