2559 4450
253 258 428 315 rurutux
445 260 668 319 EXPOSI'HO.
688 260 770 320 dtr.
789 264 850 321 XV.
1034 263 1088 321 tut

21 352 63 405 56.
93 351 278 412 Novissima
300 364 394 413 autem
412 360 465 414 ini·
516 360 588 411 'runc
605 364 674 411 enirn
690 364 840 423 novissime,
860 361 917 425 post
935 335 1088 425 peccatum,

21 445 54 481 {a
67 430 344 492 destruetur-mors
355 454 361 491 :
371 441 463 493 omnia
487 434 542 491 post
551 430 689 493 diabolum,
698 443 777 493 murs,
785 444 838 480 uua
848 444 877 480 ex
890 432 945 491 eius
958 432 1087 495 inimicis¹

21 523 59 559 m
85 508 232 577 subjeopt
263 514 316 567 gub
344 516 464 583 pedibus
486 498 836 562 uutmeturpergenenien
850 499 1086 549 resurrectionem

25 601 55 639 s,
74 585 163 641 cum
182 594 282 651 autem
294 591 391 649 dicat:
486 568 608 647 scriptum
624 568 740 615 estenim
751 566 848 628 murno
859 570 884 616 ii.
901 568 989 615 omniu
1002 566 1086 625 subie-

486 638 536 693 crt,
550 638 609 696 etc,
627 638 653 683 et
668 640 849 696 consequenter
864 638 946 699 ipsam
966 638 1085 687 mortem.

21 702 68 751 Π.
81 698 205 752 Omnia
215 699 341 768 subjectu
348 705 460 771 eunden
515 702 580 752 Cdm
598 706 685 752 autem
697 704 827 766 Scriptura
837 704 901 754 dicit
918 723 925 753 s
941 704 1031 754 (imnis
1043 703 1085 751 pp.

25 793 45 831 e
72 778 181 833 dubio
199 787 303 850 μειερ
316 798 381 839 eum
389 823 399 852 ‚
413 786 462 855 qui
484 771 519 822 iio
530 773 700 833 subjicienda,
714 776 770 825 sinc
785 774 862 823 dubio
879 774 912 823 ab
923 774 971 823 bac
981 784 1084 835 expres-

21 857 120 923 ,Μὴ
135 858 165 912 ej
189 860 295 915 omnia,
485 846 554 893 sione
569 842 680 905 generali
695 844 858 907 excipiendus
879 847 917 894 est
926 844 993 895 licus
1008 846 1061 908 ipse
1072 852 1085 904 ,’

483 915 528 976 qui
535 915 626 963 omniu
637 912 702 963 Filio
710 926 758 963 suo
770 914 887 973 subjicit.

21 977 74 1028 28.
103 973 187 1031 Cum
216 982 310 1031 autem
338 978 460 1047 subjecta
514 980 624 1032 Tantum
634 984 704 1033 enim
714 982 784 1032 ubcst
799 986 829 1031 ut
844 980 944 1032 cbristo
961 980 1086 1033 subdatur

21 1057 103 1107 erint
127 1056 174 1111 uu
200 1057 296 1113 omniu
321 1065 416 1113 :tuno
433 1066 461 1115 er
483 1050 563 1111 usus,
578 1052 707 1113 minine,
719 1050 780 1104 eun
792 1050 955 1103 omousius
970 1050 1084 1110 sujecta

21 1148 51 1184 33
75 1133 178 1185 Filius
198 1133 341 1200 subjectus
364 1138 417 1191 em
435 1139 461 1192 ei
483 1118 665 1181 fuerint,tuuc
676 1123 702 1170 ct
713 1122 765 1183 ipsc
776 1119 856 1175 Filius
866 1120 996 1179 Christus,
1007 1121 1084 1181 cupiti

21 1213 38 1262 ,i
65 1212 204 1279 subjecit
225 1212 279 1267 ,ᾖ
300 1216 393 1269 omnia
428 1223 461 1271 ut
483 1187 1083 1251 Euclede,cumomuibussuismeurbris,sub·

21 1294 128 1344 'Deus
148 1291 250 1347 omnia
262 1292 291 1345 in
303 1256 434 1349 omnib&
481 1260 583 1377 jicietrlrr
601 1258 653 1311 lieo
662 1280 671 1322 5
683 1262 796 1322 tuncque
810 1259 876 1311 Deus
888 1258 1034 1309 eritomnio
1054 1258 1084 1316 in

437 1336 443 1351 ·
483 1330 553 1379 omni
572 1342 609 1381 us.

24 1515 71 1560 26.
96 1509 251 1561 Nouissima
274 1516 388 1562 cutem...
405 1514 469 1561 tunc
491 1515 560 1562 enim
584 1514 738 1573 novissima,
754 1512 781 1563 id
803 1514 854 1573 est,
874 1513 932 1575 post
951 1506 1081 1559 diabolum

21 1587 118 1640 utum,
133 1584 195 1643 pust
211 1584 347 1643 peccatum
365 1580 536 1644 destructum,
550 1595 619 1633 mors
636 1595 732 1633 unser
751 1584 863 1632 inimicis
878 1582 988 1641 Christi,
1006 1580 1081 1628 anni·

26 1653 130 1699 dabitur
140 1686 148 1709 ,
159 1660 209 1711 per
224 1648 366 1711 generalem
382 1648 492 1711 scilicet,
505 1654 530 1701 ct
542 1652 676 1713 gloriosam
696 1655 843 1701 sauctorum
858 1651 1079 1701 resurrectionem.

30 1720 111 1768 iiiam
132 1716 254 1779 equidem
274 1720 301 1767 in
318 1720 450 1783 semetipso
464 1718 557 1768 dchcit
574 1720 589 1769 i
607 1720 715 1769 mortuis
735 1722 789 1783 ipsc
811 1732 960 1781 resurgens3
978 1723 1079 1767 etcum

21 1788 118 1839 eriectd
134 1790 163 1837 st
178 1788 285 1837 omuino
300 1786 428 1848 destruct,
444 1800 531 1837 omnes
547 1787 638 1839 eiectos
661 1801 736 1849 suos,
750 1791 885 1851 omnisque
900 1789 1013 1838 membra
1032 1800 1078 1837 suu

33 1866 122 1911 morto
137 1862 265 1910 suscitans
275 1897 282 1922 ‚
292 1872 424 1922 nunquam
438 1862 587 1921 morituros,
599 1860 644 1911 sed
659 1862 687 1909 in
701 1864 825 1910 eternum
838 1860 943 1921 gloriose
953 1862 1075 1908 victuros.

32 1934 94 1981 Non
108 1932 166 1980 sine
184 1942 260 1980 causo
275 1942 344 1980 mors
362 1930 500 1979 destruitur
522 1932 670 1980 norissima.
689 1928 809 1988 Etenim,
823 1932 853 1977 ut
869 1928 907 1976 att
922 1924 951 1975 u.
966 1926 1077 1989 Chryso-

21 2014 122 2061 ornus,
133 2002 162 2049 iu
177 2000 331 2049 initicmors
343 2000 448 2049 intrarit
459 2000 595 2053 novissime
604 2018 612 2061 ς
621 2000 693 2061 prius
706 1998 775 2048 enim
789 1995 880 2048 diaboli
892 1994 1043 2057 consilium,
1052 1999 1078 2046 et

21 2072 198 2132 robedicntiu‚
211 2075 237 2120 et
249 2075 312 2121 tuuc
324 2084 401 2121 mors.

37 2146 107 2194 Hinc
120 2144 198 2192 ctiam
215 2143 354 2191 novissime
369 2141 531 2193 destruentur
549 2142 605 2203 post
624 2142 774 2205 peccatum,
786 2139 844 2203 post
857 2135 950 2189 dtnbon
961 2139 1077 2201 tyranni-

21 2231 71 2267 em
87 2210 217 2268 abolitum.
230 2212 296 2264 Odor
307 2214 494 2264 edomaverit...
509 2214 539 2262 ut
550 2224 625 2262 rersu
642 2213 775 2276 superiori.

43 2299 138 2350 omnio
155 2297 219 2348 codro
230 2297 363 2362 subjecit...
379 2297 446 2348 bunc
461 2296 576 2348 cumdem
591 2298 681 2346 mortis
697 2294 909 2356 destructionem,
924 2297 949 2346 et
963 2295 1076 2345 nostrmu

21 2371 196 2432 zonsequenter
206 2369 417 2419 resurrectionem
429 2367 562 2418 confirmat
573 2379 603 2416 ex
614 2365 664 2416 ulio
675 2364 738 2429 psol.
750 2365 846 2418 scilicet
856 2370 945 2417 octavo
953 2363 1076 2429 ,mystice

23 2441 160 2502 nteiiecto;
173 2440 211 2490 est
222 2439 291 2490 euim
307 2438 338 2488 dc
348 2437 458 2498 ddumo,
470 2441 499 2486 ut
511 2435 592 2498 ugurt
603 2435 708 2488 Christi.
1063 2437 1065 2441 '

48 2525 140 2577 omnio
151 2523 267 2588 subjecit,
279 2524 435 2588 praetcutum
447 2535 492 2586 pro
504 2519 607 2584 tuturo,
620 2521 745 2582 subjiciet.
756 2519 940 2586 Prophetarum
954 2533 1026 2575 mora
1042 2519 1075 2571 ad

21 2602 140 2658 uujorem
153 2595 337 2650 certitudinem.

47 2670 102 2718 Hoc
117 2669 198 2718 autem
211 2678 301 2716 rerum
318 2677 371 2717 nou
390 2664 469 2727 iuret,
481 2665 531 2716 uisi
543 2667 569 2717 et
581 2675 651 2717 mors
669 2664 839 2716 destrueretur
850 2666 876 2714 et
886 2659 960 2728 plant
975 2661 1075 2712 (bristo

21 2742 193 2800 subjiceretur,
203 2738 279 2787 etium
297 2739 324 2787 in
338 2736 393 2798 eius
405 2739 514 2799 mystico
530 2749 644 2802 corporet
905 2753 910 2761 ⁴

49 2838 91 2887 27.
106 2833 164 2886 Odor
179 2839 262 2884 actuo
279 2832 365 2893 dicut,
377 2829 466 2897 supple
481 2832 610 2895 scriptura
626 2826 669 2885 rel
680 2833 812 2897 propheta.
828 2826 919 2884 Omoio
932 2823 1073 2897 odico...

21 2909 55 2957 Ne
74 2901 313 2968 durocortorum,
334 2905 380 2952 sut
398 2901 487 2964 quiris,
500 2900 565 2952 otius
581 2900 648 2953 maid
670 2900 848 2968 interpretetur
867 2904 1000 2967 quodiam
1012 2897 1075 2956 dixit

21 2981 51 3027 de
64 2974 166 3037 generali
179 2974 292 3026 omnium
301 2970 456 3033 subiectione
467 2968 566 3023 Christo
577 2967 662 3023 futuri
671 3009 679 3035 ,
689 2969 795 3039 explicat
802 2975 959 3040 Scriptorum
970 2967 1073 3028 dicensi

21 3045 95 3111 Quod
111 3045 161 3094 sinc
177 3042 250 3092 dubio
269 3041 300 3091 ub
318 3041 367 3092 bac
385 3042 560 3092 enuntiatione
574 3038 684 3104 generali
706 3041 869 3105 excipiendus
879 3045 913 3092 sit
923 3043 989 3092 Deus
1001 3045 1074 3107 ipse,

23 3122 68 3182 qui
80 3115 158 3168 omnis
169 3113 227 3164 iuis
238 3125 285 3162 suo
294 3111 410 3174 subjecit.
420 3111 453 3162 dt
462 3115 564 3175 excepto
577 3110 627 3162 lieu
636 3147 644 3172 ,
656 3113 743 3163 omnia
752 3124 855 3176 prorsus
864 3112 888 3160 ei
897 3112 1072 3171 subjicientur.

56 3217 96 3266 28.
110 3209 164 3261 Cdro
175 3213 255 3258 ouum
268 3206 410 3270 abiecto...
418 3206 528 3257 'iunium
537 3209 608 3257 enim
618 3205 702 3269 obest,
712 3210 742 3256 ut
750 3206 816 3256 boos
826 3206 926 3256 cbristo
936 3203 1073 3267 subdator;

26 3278 195 3349 coimmunis
208 3289 275 3328 mors
285 3277 413 3327 destructa
430 3275 508 3325 tuerit
518 3279 542 3325 ct
558 3278 645 3328 omnia
660 3276 724 3326 Filio
741 3276 837 3326 tuerint
849 3275 962 3336 subdita,
978 3281 1037 3325 rooc
1050 3280 1075 3325 st

26 3363 82 3420 epse
92 3349 178 3406 Fidius,
192 3351 218 3397 ut
234 3348 324 3409 bomo,
340 3359 400 3396 curn
409 3345 611 3407 emolumento,
624 3345 714 3406 idest,
726 3344 1073 3407 Christusouputiicclestu,

28 3437 89 3477 cum
106 3418 209 3469 omnibus
227 3418 346 3468 membris
358 3418 430 3477 sub,
446 3416 594 3478 abuteretur
611 3415 925 3479 promerueramus
942 3413 1073 3476 adorabit,

29 3491 136 3547 laudabit
147 3492 168 3538 et
178 3487 323 3550 gloriueabtt
332 3488 359 3537 tn
371 3489 504 3536 eternum.

65 3577 93 3626 Ut
103 3573 130 3623 rit
142 3573 198 3622 urus
210 3571 294 3622 omnio
310 3571 338 3620 io
349 3569 474 3623 omuibus.

65 3652 105 3708 iit,
116 3649 217 3696 eventurn
229 3645 291 3695 dicit
301 3664 309 3706 ;
320 3649 395 3706 utque
407 3647 443 3694 tto
453 3643 519 3695 iteus
531 3647 648 3696 omnium
657 3643 783 3696 bonorum
793 3646 882 3694 auctor
893 3647 919 3694 ct
928 3641 1000 3704 dinis,
1012 3641 1074 3694 iter·

33 3721 217 3802 quesanctorum
228 3717 256 3767 in
267 3715 366 3776 Christo
378 3718 403 3765 ot
419 3715 447 3764 in
458 3715 576 3770 omnihus
587 3715 659 3769 iilius
672 3714 792 3774 membris
801 3714 946 3780 plenissime
960 3713 1073 3777 regnabit

35 3787 247 3922 nfflffiffin
257 3858 282 3905 et
293 3855 325 3906 ab
333 3851 389 3904 ‘iliis
398 3849 582 3922 possidebitur3
593 3849 708 3921 ususque
719 3854 758 3910 sic
768 3865 786 3910 a
796 3847 912 3902 fidelibus
926 3863 1054 3916 posseons
1062 3857 1082 3916 ‚'

38 3929 235 4062 {difflpffih'
247 3934 336 3978 eorum
347 3923 462 3994 ,periodis
478 3923 624 3994 beatitudo,
634 3925 800 3991 omniumque
814 3922 996 3976 desideriorum
1012 3923 1085 4010 dats!
