2559 4450
448 249 653 374 nrrsro'un
673 295 722 352 tn
738 295 920 354 nouenos

316 533 391 560 «κιο
406 525 1226 560 ιιιοσοοκιειοοικοοκκοοκοοοοκκκκοοκκοοκκοοοο
1271 506 1273 559 !

166 717 176 738 ·
325 726 583 812 xuxnrsis
612 725 823 810 cirins
850 725 1053 830 Quium.
1086 683 1090 690 ’

158 1116 327 1216 Silarum,
345 1149 375 1204 in
391 1146 583 1215 superioribus
599 1145 755 1211 Capitibus,
777 1144 872 1199 nostra
883 1142 1099 1212 justificatione,
1118 1161 1154 1202 ex
1172 1147 1228 1200 tide
1271 1166 1273 1235 1

156 1235 222 1289 lesu
235 1234 350 1300 Cirristi3
365 1247 441 1286 nunc
455 1230 566 1284 disserit
578 1229 613 1284 de
628 1229 711 1296 huJus
719 1229 928 1296 Justrticationrs
942 1229 1100 1298 effectibus,
1114 1247 1150 1289 ex
1162 1249 1229 1300 qur
1271 1238 1273 1357 1

156 1319 210 1372 bus
225 1319 298 1372 illius
313 1317 474 1372 excellentia
485 1321 513 1370 et
526 1313 661 1369 celsitudo
673 1313 888 1368 demonstratur.

192 1402 301 1454 trimus
319 1415 384 1468 ergo
400 1405 503 1454 nostroe
517 1397 725 1464 iustificationis
739 1396 853 1451 effectus
874 1401 916 1450 est
926 1411 980 1464 pax
993 1403 1020 1451 et
1039 1401 1228 1468 tranquillitas
1271 1298 1273 1493 1

158 1485 336 1539 conscientiae
348 1488 461 1547 nostrae,
475 1497 525 1548 per
535 1485 601 1536 lesu
614 1479 715 1535 Christi
726 1480 889 1534 mediatoris
903 1482 992 1534 nostri
1000 1482 1110 1536 merita.
1121 1485 1150 1552 1.
1161 1489 1191 1538 5

193 1566 354 1631 Secundus,
369 1566 483 1632 adoptio
495 1565 617 1618 tiliorum
629 1565 693 1631 Dei,
710 1570 738 1618 et
754 1565 828 1618 hanc
842 1563 879 1618 ob
895 1579 1025 1632 causam,
1048 1567 1181 1634 gloriatio
1200 1574 1226 1622 et

159 1650 305 1706 exsultatio
318 1649 348 1702 in
360 1663 409 1716 spe
420 1648 558 1702 felicitatis
570 1653 683 1700 aeternae
692 1688 700 1712 ,
710 1647 774 1702 filiis
783 1648 835 1705 Dei
846 1653 1016 1714 praeparatae.
1029 1649 1057 1719 1.
1070 1651 1098 1704 5.

194 1733 314 1798 Tertius,
332 1733 464 1798 gaudium
481 1736 511 1786 et
527 1731 673 1786 exsultatio
688 1731 718 1784 in
732 1731 801 1798 ipsis
818 1730 1030 1798 afflictionibus,
1048 1739 1149 1802 utpote
1159 1736 1228 1790 huic

158 1823 269 1872 eetcrnae
278 1815 401 1868 felicitati
408 1815 548 1870 affinibus
540 1829 642 1884 quam
649 1815 808 1870 affinitatem
814 1816 928 1883 pulchra
939 1817 1102 1885 gradatione
1110 1820 1227 1876 demon

158 1905 227 1956 strat
239 1901 398 1969 Apostolus
410 1899 437 1969 1
451 1903 483 1965 5
496 1903 528 1966 5,
543 1901 570 1952 5.

192 1989 270 2041 lianc
281 1985 403 2039 illiorum
414 1982 463 2036 Dei
481 1983 597 2051 gloriam
610 1982 755 2051 sperandi,
773 1983 829 2037 duo
848 1982 947 2036 nohis
943 1983 1109 2041 firmissima
1120 1987 1227 2042 funda-

158 2076 253 2125 menta
262 2071 374 2124 statuit
385 2069 441 2122 duo
450 2068 568 2134 sedicet
582 2068 704 2120 drumm
713 2080 767 2120 nos
778 2067 882 2120 amoris
890 2076 1067 2136 argumenta
1076 2072 1225 2139 nimirum,

159 2155 278 2224 Spiritus
290 2153 421 2214 sanctim
438 2152 571 2207 cordibus
590 2151 695 2204 nostris
714 2150 909 2217 diffusionem,
929 2157 957 2205 et
968 2153 1069 2207 Christi
1087 2164 1224 2222 mortem,

158 2254 210 2309 pro
225 2240 308 2295 nobis
321 2239 413 2294 adhuc
425 2236 619 2307 peccatoribus
635 2252 643 2292 ι
662 2249 748 2305 mam
766 2235 867 2290 Christi
881 2236 1044 2293 charitatem
1059 2242 1132 2297 mire
1143 2258 1226 2313 exag-

159 2329 245 2395 gerat.
261 2325 288 2394 1.
304 2326 334 2390 6,
347 2327 377 2389 ⁷,
390 2326 424 2389 8,
436 2326 469 2390 9,
480 2326 527 2377 50.

195 2408 314 2471 Quartus
331 2412 435 2462 nostrae
447 2405 655 2475 J'ustitlcationis
669 2404 784 2461 effectus
800 2409 843 2460 est
859 2404 937 2474 quod
953 2402 1104 2475 gloriemur
1119 2410 1224 2481 inipso

159 2481 230 2559 lieo,
244 2496 276 2545 ut
286 2494 367 2547 Patre
377 2497 492 2558 nostro
503 2492 651 2547 etintesu
660 2490 782 2556 Christo,
795 2495 893 2544 nostro
902 2492 1163 2566 reconciliatorej
1178 2503 1224 2550 55.

194 2579 229 2631 Ut
240 2582 334 2631 autem
345 2576 429 2641 hujus
439 2575 529 2626 nostri
541 2588 606 2627 cum
614 2577 671 2627 Deo
679 2574 898 2629 reconciliatoris
905 2577 1101 2647 necessitatem
1109 2583 1225 2635 convin-

160 2665 205 2715 cat
214 2657 552 2727 ,romaboriginepetit
565 2657 593 2725 1.
604 2660 650 2710 55.

195 2742 262 2795 Actae
276 2746 420 2808 peccatum
432 2739 594 2807 originalem
610 2745 714 2795 nostrae
732 2742 920 2810 corruptionis
935 2757 1047 2799 causam
1060 2746 1182 2818 indicat,
1195 2756 1224 2805 ut

160 2824 315 2890 Christum,
328 2823 680 2892 nostraajustitiaeiontem,
695 2827 833 2881 ostendat.
844 2828 871 2896 1.
884 2829 934 2895 55,
947 2831 997 2894 55,
1009 2832 1055 2884 55.
1141 2855 1148 2864 ·

195 2912 350 2977 Utrumque
361 2922 427 2977 ergo
439 2909 576 2963 adamum
589 2915 618 2963 et
629 2910 768 2967 Christum
776 2918 932 2982 comparat,
945 2914 1075 2984 opponit·
1084 2915 1223 2974 Christum

162 2994 425 3062 tdamopraeponit
435 2993 465 3064 1.
475 2996 529 3060 55,
538 2998 592 3061 56,
604 2998 651 3050 55.

196 3081 236 3135 lc
247 3078 408 3163 deniquei.
416 3082 466 3133 58.
483 3080 624 3134 concludit
641 3079 719 3149 quod
734 3079 817 3147 sicut,
836 3096 888 3151 per
905 3082 972 3139 tdae
986 3082 1221 3155 inobedientiam,

161 3164 322 3229 peccatores
333 3158 398 3212 iactr
409 3172 519 3213 sumus
511 3174 632 3232 smper
643 3160 743 3219 cmm
752 3160 939 3219 obedientiam
943 3163 1131 3235 Justrtramet
1140 3170 1222 3227 ntum

162 3250 293 3303 {eternam
304 3242 504 3318 adipiscimur
684 3299 687 3307 ,
985 3278 1002 3320 ,J
