2559 4450
178 351 234 412 181
301 348 305 356 “
372 350 506 409 Plilss
523 347 731 407 EPISTOLAE
748 349 799 403 th
816 341 1059 404 coniuratos

209 449 248 500 lta
260 438 294 500 nt
306 445 408 500 nullam
426 448 499 500 robis
515 447 582 498 derit
598 445 781 497 charismatum
838 445 864 499 ¹l.
877 446 920 498 ltu
930 447 962 498 ut
972 435 1134 496 nhurohis
1142 435 1252 494 desitln

178 531 273 582 munst
286 519 368 570 cece
387 519 432 569 mn
448 517 619 568 murreum
632 515 717 577 glorie
730 513 782 563 ne-
802 522 858 576 uiia
886 519 990 589 paria,
1021 518 1252 584 exspectantibus

179 585 780 678 mfflmlmuchrltssswfflfflliitlffl·
802 597 1000 653 revelationem
1022 593 1140 649 Domini
1165 595 1252 648 nostri

803 678 870 730 tem
888 673 1005 739 Christi,

211 761 289 826 spero
303 758 372 824 cuod
396 761 422 812 ct
436 758 519 821 henr,
538 759 580 809 cui
603 757 696 821 gratim
719 767 781 818 ego,
838 757 866 807 8.
882 751 935 816 Qui
956 757 985 805 et
1004 749 1192 804 confirmabit
1209 761 1256 802 ros

180 834 342 886 confirmabit
351 845 399 884 ros
407 834 528 894 usquein
540 831 628 893 finem,
644 829 703 894 (seu
714 829 783 878 dabit
805 831 935 899 usquein
946 829 1031 884 finem
1045 829 1110 882 sine
1121 827 1255 890 crimine,

182 903 288 965 militm
307 899 491 965 wilelmi*
503 911 584 961 nsque
603 901 631 948 in
650 895 741 959 ssne¹¹¹)
753 899 784 946 ¹¹1
805 908 835 960 in
849 907 895 960 dic
906 904 1042 960 adventus
1055 904 1177 960 Domini
1189 919 1258 957 nos·

182 971 372 1094 inculpatioslltis
384 974 413 1022 in
424 971 465 1022 dle
476 969 600 1022 adrentus
610 967 712 1019 Domlm
722 977 783 1018 nos-
806 985 842 1038 ,fi
854 988 920 1042 κω
931 982 1042 1038 Christi·

182 1045 216 1094 tri
231 1043 291 1094 lesu
341 1043 406 1095 rlsti.

212 1113 260 1174 id,
273 1115 393 1174 inquam,
413 1122 506 1175 spero,
518 1112 578 1172 qnia
590 1107 658 1158 lions
680 1109 724 1170 qui
739 1117 784 1157 ros
841 1107 868 1158 9.
881 1101 984 1158 Fidelis
993 1103 1069 1156 heus
1079 1139 1090 1167 ‚
1102 1115 1159 1170 per
1171 1116 1255 1170 quem

183 1185 212 1234 ln
224 1183 431 1234 mmmuuioutm
440 1180 497 1230 Filii
510 1180 551 1229 sui
560 1178 620 1229 10³ss
631 1177 726 1227 Christi
736 1175 785 1226 Du·
807 1183 896 1238 rocati
909 1183 977 1236 estis
990 1180 1020 1235 in
1031 1181 1205 1236 societatem
1218 1185 1257 1234 Fl-

183 1251 339 1303 mintuostri
353 1251 468 1310 nocerim
479 1247 561 1299 tidelis
571 1252 598 1297 et
612 1249 732 1296 constans
747 1247 786 1295 est
807 1262 837 1315 Εἰ
853 1260 914 1328 ejus
930 1263 998 1317 κω
1018 1258 1123 1314 Christi
1142 1261 1257 1316 Domini

185 1320 371 1384 (perseverabit
386 1331 445 1383 ergo
463 1316 559 1370 cundia
572 1314 650 1378 dare,
666 1316 785 1379 qualem
808 1338 907 1396 nosffi‘

185 1391 261 1454 erepit
272 1386 385 1454 largiri).

183 1468 1258 1501 wm—

185 1537 241 1595 est,
263 1544 310 1596 per
336 1542 395 1594 qun
424 1530 510 1592 dona,
533 1527 706 1592 inmfflgentic
729 1523 828 1576 scilicet
846 1525 872 1573 et
895 1521 1063 1584 eloquentia,
1084 1520 1258 1585 Evangelium

185 1601 294 1662 corun,
307 1599 374 1663 quod
385 1597 520 1662 predicari
530 1597 618 1657 robis,
628 1594 809 1647 confirmmum
822 1595 869 1642 est.
882 1591 941 1652 Seu,
954 1589 1257 1654 ntaltTheophylactus,

185 1684 231 1734 per
245 1681 302 1732 quar
320 1668 433 1720 stabilita
454 1671 493 1718 cst
509 1669 538 1718 in
556 1666 630 1716 robis
647 1663 793 1728 predicatio
805 1661 908 1712 Christi.
922 1659 996 1709 uerte
1015 1658 1182 1721 simplicius,
1206 1674 1258 1722 qne

186 1741 253 1791 dona
265 1741 440 1790 testimonium
452 1739 532 1798 sunt,
547 1734 716 1798 Evangellum
727 1729 821 1784 Christi
838 1728 993 1781 contirmaus
1005 1729 1033 1780 in
1043 1729 1128 1780 vohis.
1140 1729 1208 1780 Vide
1221 1743 1258 1780 se·

187 1809 298 1861 eundum
311 1807 344 1858 ad
353 1807 412 1859 Cor.
425 1809 464 1858 it.
476 1819 505 1857 n.
521 1808 560 1856 it.

217 1879 264 1930 lile
278 1889 367 1929 versus
383 1889 430 1940 per
442 1875 616 1941 parenthesim
627 1871 759 1936 legendus.

215 1957 243 2007 7.
254 1955 295 2005 lta
304 1958 334 2003 nt
345 1952 495 2003 ramicosis
510 1951 602 2002 desti...
614 1948 660 2000 Gr.
677 1949 706 1998 in
718 1945 771 1996 ullo
781 1945 890 2010 gratuito
901 1943 968 1996 douo
974 1963 982 2006 ;
995 1943 1023 1996 id
1037 1945 1092 2006 cst,
1107 1945 1146 1996 ltu
1157 1947 1192 1996 ut
1203 1943 1258 1996 nul-

188 2022 244 2074 lum
257 2021 330 2074 robis
340 2020 405 2071 desit
417 2020 514 2070 donum
524 2020 673 2082 gratuitum.

218 2092 424 2156 superioriribus
443 2091 648 2143 rmciettoecm...
668 2087 725 2151 Syr.
742 2085 788 2137 sed
808 2084 970 2148 exspectetis,
981 2085 1031 2134 eie.
1042 2101 1051 2145 ;
1062 2083 1166 2150 idest,
1179 2085 1259 2134 donec

188 2162 234 2212 ilat
245 2162 383 2224 revelatio,
404 2173 450 2213 sou
465 2159 635 2211 manifestatio
653 2157 738 2220 glorie
755 2155 856 2204 homini
876 2155 956 2205 nostrl
973 2153 1032 2203 tcsu
1050 2153 1165 2215 Cirrha,
1183 2169 1258 2216 quam

189 2235 346 2297 exspectatis.
358 2233 418 2283 linc
433 2232 554 2284 revelatio
563 2230 611 2282 iiet
621 2233 649 2281 et
661 2232 689 2280 ln
699 2225 811 2280 meando
822 2223 950 2288 adventu,
962 2224 991 2274 in
1001 2236 1052 2287 quo
1062 2227 1154 2275 omnia
1165 2230 1258 2290 gratie

190 2315 249 2353 rnrn
261 2303 329 2353 dona
341 2302 597 2353 consummabuntur.

220 2370 318 2421 laudm
328 2373 540 2422 resurrectionem
552 2370 741 2432 exspectantes,
752 2368 778 2417 et
788 2362 888 2429 obuqnb
900 2362 958 2416 ierit
969 2362 1134 2427 dubitantes,
1145 2376 1196 2418 seu
1209 2378 1257 2417 uon

191 2440 334 2502 credentes,
349 2441 382 2493 dc
393 2441 486 2503 quihus
496 2440 579 2502 infru,
594 2452 653 2503 cap.
667 2440 706 2488 it.

221 2520 247 2567 8.
261 2515 311 2575 Qut
321 2522 345 2567 et
359 2515 519 2579 contiscescit
527 2528 572 2566 uos
584 2514 613 2565 tn
622 2514 698 2577 tinen
710 2512 763 2562 rice
775 2509 919 2561 crimina..
930 2508 974 2559 tir.
988 2506 1143 2571 incuipatos.

221 2586 303 2637 Verba
320 2589 383 2639 sunt
396 2587 469 2637 houm
482 2585 583 2636 iiducle
593 2621 601 2645 ,
613 2585 681 2635 sicut
693 2581 726 2631 sd
743 2581 835 2644 Philip.
850 2586 872 2630 i.
886 2580 1008 2643 confidens
1019 2579 1066 2629 hoc
1080 2579 1183 2642 ipsum,
1201 2582 1257 2643 quie

193 2657 238 2718 quc·
249 2657 363 2719 carpitis
382 2656 454 2707 cobtc
473 2668 538 2717 opas
559 2654 671 2709 bonum,
692 2650 806 2712 perficiet
821 2663 901 2713 usquc
916 2650 945 2699 io
963 2649 1029 2699 dieto
1044 2648 1171 2702 Obstru...
1188 2654 1256 2713 quasi

192 2724 306 2774 diceretc
325 2722 484 2786 Speroun
497 2720 584 2784 neas(
601 2720 644 2769 cui
657 2718 755 2768 scillcet
769 2720 862 2779 gratim
878 2716 943 2781 ago)
963 2718 1123 2779 contremuit
1135 2730 1198 2778 nor,
1216 2734 1257 2769 son

192 2792 263 2841 dabit
276 2794 383 2853 gratiam
396 2788 573 2853 perseverandi
586 2801 666 2851 usque
682 2787 710 2837 trs
728 2786 819 2851 ficem
839 2791 868 2839 ut
885 2786 1024 2851 inculpati,
1035 2788 1088 2837 rins
1100 2790 1222 2847 mesine,
1236 2790 1257 2837 id

192 2862 245 2919 est,
260 2861 316 2909 sinc
328 2860 397 2921 gravi
412 2862 531 2923 pcccmo,
545 2856 590 2909 sod
597 2858 662 2919 lusti
674 2859 700 2907 et
712 2857 794 2908 sancti
809 2857 950 2921 appareatis
967 2856 996 2906 tn
1014 2856 1055 2907 die
1065 2855 1190 2907 ademtae
1208 2861 1257 2908 Do-

194 2926 259 2975 mini
274 2927 355 2979 nostri
365 2928 427 2977 Jcsst
447 2925 550 2977 Christi.

223 2994 343 3047 Precatur
354 2994 504 3047 firmitatem
515 2999 542 3047 et
550 2990 778 3061 permanentiam,
790 2997 815 3043 et
825 2996 854 3044 ut
866 2995 984 3047 sinteino
994 2994 1121 3055 crinitam
1131 3006 1180 3057 per
1194 2995 1255 3057 qnod

194 3064 303 3116 ostendit
323 3065 443 3117 nonnihil
458 3078 611 3129 concussos,
627 3070 653 3116 ct
668 3078 711 3118 eos
732 3065 884 3117 criminibus
896 3064 1047 3124 obstrictos,
1070 3066 1108 3115 uit
1122 3064 1255 3129 Theophr-

195 3136 283 3188 tnctus.
297 3134 367 3188 idem
379 3136 477 3187 dhorat
488 3136 669 3188 theodoretus.

224 3209 319 3263 l'tdcltr
335 3213 419 3275 Deus,
429 3225 478 3276 per
496 3226 570 3275 quem
581 3212 665 3263 vocati
679 3211 736 3262 cotie
750 3210 778 3262 te
794 3209 963 3261 societatem...
976 3208 1002 3258 ld
1012 3212 1100 3261 autem
1114 3222 1191 3274 spero
1202 3214 1255 3272 qnia

193 3280 274 3343 bens,
288 3283 334 3344 qni
345 3293 391 3332 ros
401 3282 435 3332 ed
446 3281 667 3336 societatemitiiii
683 3282 740 3340 sui,
757 3281 782 3328 ct
795 3285 977 3340 consequenter
987 3278 1021 3328 ad
1035 3282 1180 3329 sanctitatis
1194 3282 1256 3329 illins

195 3352 364 3401 imitationem
376 3354 493 3412 rocnrit,
506 3364 599 3412 rerax,
612 3349 692 3400 tidelis
706 3353 731 3399 et
742 3352 860 3399 constans
871 3352 909 3397 est
919 3350 946 3397 in
960 3350 1091 3411 promissis
1103 3350 1176 3399 suis:
1192 3351 1256 3398 dabit

195 3432 254 3483 ergo
264 3420 359 3471 auxilia
372 3420 405 3471 ud
417 3421 505 3471 sanctt
523 3417 735 3482 perseverandum
749 3418 890 3467 necessaria
900 3453 907 3478 ‚
919 3429 977 3479 que
985 3418 1038 3477 jam
1054 3414 1115 3466 dare
1127 3422 1223 3481 coepit,
1236 3424 1256 3466 et

195 3492 315 3553 deinceps
323 3490 444 3541 daturum
459 3502 489 3541 se
498 3491 624 3553 promisit.

226 3562 417 3611 inmemorem,
438 3560 483 3611 Cr.
500 3562 528 3609 in
546 3560 765 3609 communionem.
788 3557 844 3621 Syr.
867 3558 895 3607 ln
917 3558 1092 3620 consortium
1113 3561 1254 3610 societatem

196 3628 272 3691 uiui,
285 3628 446 3691 adoptionem
457 3630 559 3680 vocarit
574 3628 754 3679 Theodorstus.

225 3712 296 3763 itera
307 3722 464 3762 normis.-
471 3712 519 3763 ilie
529 3724 590 3762 cum
597 3712 627 3762 li.
635 3711 813 3775 chrysostomo
820 3714 879 3763 nota
890 3714 916 3762 ci
926 3712 1019 3763 mirare
1028 3710 1168 3765 Christiani
1178 3716 1251 3777 digni-

195 3783 289 3831 tatem!
302 3780 376 3844 Papoe
386 3784 507 3841 quantam
520 3778 665 3831 donationis
677 3782 878 3845 magnitudinem
889 3782 896 3831 i
907 3781 937 3832 ll.
950 3780 1040 3845 Chrys.
1051 3780 1147 3835 Christi
1159 3786 1207 3836 lilii
1217 3787 1253 3834 liei

196 3851 297 3910 socius,
309 3860 428 3909 consors,
440 3861 501 3898 cum
512 3860 542 3899 eo
554 3850 617 3911 qnid
631 3863 728 3912 unum,
740 3852 813 3913 quasi
826 3850 939 3902 Christus
952 3848 1015 3901 alter
1026 3854 1073 3901 est.

227 3917 292 3977 Quia
301 3929 347 3979 per
357 3917 514 3978 baptismum
525 3917 606 3969 tactus
618 3932 677 3969 sum
692 3918 785 3971 Christi
796 3920 955 3981 membrum,
971 3918 1064 3971 Christi
1079 3932 1190 3986 eorpus,
1201 3922 1252 3985 quii

198 3996 283 4035 nuum
299 3996 360 4035 oum
369 3984 483 4046 (turbio,
494 3989 567 4047 quad
577 3987 693 4039 Christus
703 3990 765 4052 ipse.
777 3990 842 4041 ilinc
853 3992 881 4041 iu
893 3988 936 4042 uio
948 4001 1007 4041 sum
1025 3988 1095 4041 illius
1106 3990 1169 4055 liei,
1183 3994 1253 4044 heres

198 4050 261 4113 uer,
273 4050 400 4112 coheres,
413 4062 533 4113 consors,
550 4056 635 4105 sosias
649 4054 750 4107 Christi.
