2559 4450
172 285 233 351 lai
466 283 672 351 artasatis
691 287 740 348 iit
757 284 941 348 aeetias

173 415 1240 460 affl

195 508 202 525 ’
399 533 1009 618 uaeuruuuluuuuuauuu

376 703 562 745 PmPMlB.
961 695 1073 738 laxius.

221 809 773 877 sarsanimalteotidelis‚etsubrlltaPrln-
794 813 823 864 i.
891 822 956 862 uris
979 804 1073 860 anima
1096 801 1249 870 potestati·

222 879 335 940 cipibus,
356 884 381 928 et
398 880 517 929 omnibns
530 878 631 942 publica
651 878 772 940 dignitate
892 885 946 938 bus
956 881 1171 936 sublimioribus
1185 881 1249 932 sub.

171 945 301 1007 praealtis,
315 949 392 996 etiam
403 947 553 1008 subiiciatnr
566 965 573 996 ε
593 949 654 1008 quia
667 945 772 996 'sclssoet
795 961 852 1016 dita
868 961 903 1015 sit
914 978 921 992 .
931 974 990 1014 non
1002 964 1045 1013 est
1059 958 1136 1012 enim
1148 965 1250 1026 potes.

171 1012 252 1063 alteo
268 1017 385 1066 instituta
402 1021 440 1065 est
454 1015 557 1079 publica
575 1019 701 1078 potestas,
721 1015 771 1065 eti
795 1046 837 1092 ms
856 1001 947 1092 „issa
964 1041 1044 1092 Deo.
1078 1049 1124 1090 uae
1147 1042 1248 1090 amem

171 1079 222 1135 uso
233 1087 271 1134 est
284 1084 361 1148 ordo,
375 1088 400 1136 et
413 1085 543 1136 distinctio
553 1086 694 1149 potestatis.
794 1120 878 1182 sum,
892 1115 910 1169 a
922 1117 981 1168 Deo
992 1051 1132 1170 offlam
1147 1121 1231 1168 sum·

200 1301 262 1353 cir.
270 1302 333 1354 liill.
349 1308 371 1354 i.
386 1303 471 1355 omnis
483 1303 571 1355 orioro
578 1303 745 1367 potestatibus
757 1303 959 1354 sublimioribus.
969 1303 1013 1354 Gr.
1025 1304 1246 1368 supereminenti-

170 1373 232 1434 bns,
244 1373 444 1436 praecellentibus
453 1411 460 1436 ,
469 1374 706 1437 superhabentibus.
719 1374 775 1438 syr.
789 1374 911 1438 dignitate
926 1371 1047 1439 preditis.

201 1441 311 1492 Positivb
321 1481 328 1505 ‚
338 1455 391 1493 non
405 1443 585 1508 comparative.

201 1510 264 1571 Quia
278 1511 379 1562 beuter.
391 1517 429 1562 tl.
447 1515 485 1562 ti.
496 1513 591 1564 dicitur
604 1511 699 1564 iudeis
717 1515 746 1564 ut
757 1512 850 1576 Regem
860 1511 954 1575 eligant
964 1511 996 1562 de
1011 1522 1121 1562 numero
1132 1509 1246 1562 iratrurn

170 1591 276 1629 suornm
288 1599 295 1630 r
310 1580 372 1630 hino
383 1584 492 1632 uternis
503 1594 555 1632 non
565 1583 708 1646 parendum
720 1583 877 1645 inierehant;
888 1587 913 1632 et
924 1583 983 1644 qnia
994 1593 1021 1631 se
1033 1577 1142 1644 liberos,
1154 1588 1247 1645 utpote

170 1649 293 1712 populum
306 1650 361 1711 boi,
372 1651 542 1713 gloriabantur
554 1672 562 1703 s
573 1654 635 1704 hinc
646 1653 797 1704 Publicanos
812 1653 966 1714 horrebant,
977 1651 1124 1714 tributaque
1137 1653 1173 1702 ah
1194 1655 1246 1702 lm—

170 1722 329 1784 peratoribus
343 1724 477 1791 imposita,
488 1723 570 1774 iudai
581 1725 659 1774 mam
672 1723 809 1774 Christiani
819 1722 915 1773 solvere
926 1721 1108 1786 repugnabant.

201 1789 275 1840 lianc
291 1803 402 1842 errorem
412 1796 442 1842 ut
456 1795 565 1855 compat
579 1793 729 1857 Apostolus,
743 1797 769 1843 et
789 1805 822 1842 ne
832 1793 970 1843 Christiani
979 1791 1115 1840 videantur
1128 1791 1162 1842 ria
1175 1797 1246 1841 sacta

170 1858 241 1909 isac
255 1859 364 1923 Gallici,
377 1862 421 1924 qui
431 1861 595 1913 rebellionem
606 1866 635 1912 ln
652 1862 756 1913 Galilaa
766 1862 888 1913 excitarat
897 1899 904 1922 ,
914 1873 1009 1923 nepus
1023 1859 1144 1910 lludaeis
1158 1863 1246 1910 tribu-

169 1933 227 2049 :iim
235 1943 289 1981 esse
296 1930 388 1982 cesari
399 1930 664 1994 salvandum5Paulus
676 1933 765 1982 statuit
774 1933 979 1993 ,etoontrarium
987 1927 1100 1980 ussine
1114 1929 1244 1990 decerunt,

198 2011 260 2050 cens
275 2020 282 2052 ε

203 2083 290 2146 Qmuir
304 2085 405 2145 ammo,
421 2083 448 2134 lsi
460 2086 512 2146 esi,
526 2085 609 2134 omnis
623 2081 718 2143 hemo,
731 2083 877 2145 quieunque
893 2084 943 2144 sit,
961 2081 1129 2146 potestatibus
1149 2095 1245 2144 super-

169 2151 347 2213 eminentibus,
361 2153 387 2202 id
400 2157 455 2215 eat,
466 2151 590 2214 Regibus,
603 2150 801 2214 blagistratibus‚
814 2155 839 2200 et
858 2151 976 2206 omnibus
993 2149 1095 2213 publici
1115 2149 1245 2212 dignitate

168 2221 282 2343 {miz
283 2222 408 2344 {13er
421 2223 455 2274 sit
461 2248 471 2284 ,-
482 2222 509 2275 ld
521 2225 573 2283 eat,
586 2221 736 2284 subiiciatur
752 2222 781 2273 lu
798 2221 830 2273 lis
843 2234 901 2286 qua
914 2219 947 2272 ad
960 2233 1050 2273 aarum
1062 2223 1183 2285 spectant
1201 2227 1245 2284 ju-

199 2377 256 2427 Nou
271 2384 306 2428 est
326 2377 393 2428 esim
406 2383 531 2441 potestas,
544 2376 595 2427 ubi
612 2375 630 2426 a
650 2377 710 2427 lieo.
730 2374 822 2425 Probat
839 2374 907 2437 quod
927 2373 1050 2435 asseruit,
1065 2372 1242 2423 obediendum

168 2449 286 2510 potestati
295 2485 302 2509 ,
312 2460 342 2497 ae
353 2448 436 2511 primo
444 2448 533 2511 probat
544 2446 577 2497 ab
589 2448 685 2507 origine
699 2446 846 2509 potestatis,
857 2456 902 2493 seu
914 2444 974 2505 qula
985 2442 1059 2492 alteo
1068 2447 1107 2493 est
1119 2444 1242 2493 instituta

169 2520 294 2581 potestas,
303 2523 329 2567 et
340 2520 355 2568 a
368 2518 420 2569 lieo
432 2523 470 2568 est
484 2516 546 2567 ordo
557 2519 584 2565 et
591 2516 721 2565 distinctio
731 2516 876 2579 potestatis,
886 2514 957 2573 iuxta
971 2512 1048 2562 rerba
1058 2514 1205 2574 maenaa.

203 2602 263 2661 Quo
278 2607 362 2652 ouum
379 2606 446 2651 sunu
461 2600 505 2650 Gr.
518 2612 575 2662 quae
593 2602 680 2647 autem
693 2600 827 2668 arietantes
844 2599 986 2659 potestates.
1001 2594 1057 2657 Syr.
1069 2598 1097 2644 ct
1113 2600 1241 2657 quotquot

170 2675 230 2721 aaut
240 2670 409 2732 potestates‚a
418 2669 536 2718 lieosnnt
547 2666 668 2717 ordinatae
680 2684 687 2715 s
704 2666 730 2715 id
741 2670 793 2727 est,
805 2678 858 2716 non
873 2665 955 2715 solum
970 2667 1079 2729 potestas
1090 2666 1118 2714 in
1135 2677 1239 2727 genere,

170 2738 214 2790 sed
236 2743 260 2788 et
273 2741 349 2788 varia
364 2740 460 2801 species
472 2738 615 2801 potestatis,
631 2746 677 2786 acu
694 2736 786 2797 medus
799 2737 940 2799 superiores
962 2737 987 2785 et
1005 2733 1138 2785 interiores
1156 2736 1172 2785 a
1187 2735 1239 2784 Deo

170 2812 231 2860 sunt
245 2808 369 2857 ordinata.
1158 2821 1160 2823 ·

200 2876 310 2925 Potestas
328 2872 496 2926 ecclesiastiea
511 2878 549 2926 est
560 2875 575 2926 a
588 2872 638 2927 lieo
652 2874 817 2927 immediatis
834 2874 948 2926 Christus
962 2872 992 2925 li.
1012 2872 1117 2923 Petram
1130 2876 1157 2924 et
1175 2872 1239 2923 alios

169 2943 300 3009 Apostolos
311 2942 429 2996 Ecclesia
440 2945 561 3007 proiecit.

200 3014 312 3066 Potestas
323 3012 383 3066 rerb
394 3015 530 3077 secularis,
545 3016 576 3065 tle
595 3028 646 3077 qua
659 3016 703 3066 iria
713 3051 720 3076 ,
732 3018 762 3065 ut
774 3017 842 3079 patet
855 3026 885 3064 ex
898 3012 1060 3077 sequentibus
1073 3012 1106 3062 ‹le
1115 3010 1198 3075 gladio
1212 3017 1237 3063 et

169 3083 201 3137 da
210 3082 312 3137 tributis
322 3124 330 3149 ‚
340 3086 400 3137 esta
415 3085 466 3135 lieo
475 3085 564 3136 saltem
577 3086 686 3135 mediate
703 3104 710 3135 s
724 3088 784 3148 quia
794 3087 887 3135 natare
898 3089 923 3135 et
938 3086 1016 3143 ratio,
1025 3093 1082 3145 qua
1092 3086 1132 3132 cat
1146 3083 1161 3131 i
1175 3084 1235 3144 lieo,

168 3159 205 3208 lta
218 3156 311 3218 dictat,
330 3161 360 3207 nt
375 3157 442 3207 bono
455 3158 584 3221 potestatis
601 3158 724 3217 regimina
743 3157 859 3205 homines
875 3153 991 3205 imultis
1011 3152 1149 3205 sceleribus
1165 3166 1236 3204 coer-

168 3228 423 3289 ceantur,justitiam
440 3231 466 3276 at
483 3239 572 3291 pacem
595 3224 696 3287 count,
713 3238 761 3275 nec
781 3223 835 3275 sese
851 3223 942 3275 mutuo
958 3222 1080 3273 maerent
1092 3226 1122 3274 nt
1137 3222 1193 3287 lupi
1210 3228 1235 3273 et

187 3300 261 3347 isoes.

168 3310 187 3364 p
199 3366 255 3417 iiixl
267 3372 411 3430 potestatem
423 3363 561 3415 seculorem
572 3377 622 3415 cere
639 3362 657 3414 ὰ
671 3364 735 3423 Deo,
746 3362 835 3413 solum
847 3359 1035 3424 mediutb51um
1052 3362 1114 3424 qnia
1128 3361 1178 3412 isit
1188 3360 1233 3410 ali-

167 3435 353 3499 passionibus
364 3433 680 3485 immediatbslbeusenim
693 3431 795 3483 sanim
807 3430 1003 3492 ludaisitegem
1012 3430 1082 3481 dedit
1090 3451 1098 3492 ς
1106 3435 1163 3480 turn
1174 3434 1233 3492 quia

167 3505 326 3569 prosilientia
341 3503 444 3567 speciali
460 3515 526 3567 sapa
544 3504 695 3565 attemperat
714 3512 791 3565 regna
811 3499 970 3551 subaitorum
994 3500 1166 3561 utilitatibus,
1188 3506 1234 3549 eut

168 3578 251 3640 pranis
258 3576 330 3635 iuxta
343 3576 443 3624 merita.

177 3692 180 3696 .
199 3644 266 3695 Dens
277 3645 346 3693 enim
356 3643 409 3703 ,ait
419 3622 599 3703 theodowini,
608 3644 630 3693 sl
641 3641 764 3705 propitius
775 3640 863 3701 luerit,
873 3628 916 3689 aaa
924 3639 1068 3703 Principes,
1079 3640 1124 3702 qui
1134 3640 1231 3699 Jnslurn

169 3713 258 3765 colant
276 3718 302 3763 et
320 3712 454 3763 obsecrant
465 3730 472 3762 r
485 3712 558 3763 Dabo
571 3718 684 3776 pastores
702 3710 837 3761 comodum
850 3724 893 3761 eor
907 3706 1000 3759 meum.
1016 3708 1110 3760 ierem.
1129 3712 1153 3759 3.
1166 3708 1230 3757 cuns

168 3781 326 3833 autem-vnit
338 3793 381 3831 eos
398 3781 444 3842 qni
455 3784 563 3843 peceant
582 3782 717 3843 castigare,
727 3793 770 3830 eos
781 3782 858 3831 etiam
876 3780 891 3829 i
908 3778 983 3829 malis
1000 3778 1160 3843 Principibus
1180 3779 1229 3837 regi

167 3854 293 3916 permittit
303 3870 312 3900 ι
324 3850 688 3902 comtitnarnsdolesoentulos·
696 3851 824 3915 Principes
836 3852 971 3910 eornm,et
986 3848 1102 3899 illusores
1115 3849 1229 3899 domina

168 3922 265 3973 bantur
275 3922 321 3968 eis.
331 3920 389 3969 lsai.
402 3920 465 3979 a,l.
473 3919 511 3969 lta
521 3918 691 3971 Tuuaoretus
703 3919 774 3971 hunc
787 3920 872 3970 locum
884 3923 954 3981 citat,
962 3932 1039 3983 quom
1050 3930 1097 3969 nos
1108 3916 1226 3981 legimusr

170 3989 243 4043 Dabo
258 4000 352 4049 meror
363 3987 495 4052 Priaeipu
505 4000 602 4049 sorusu
611 3996 635 4040 et
651 3990 785 4054 sffsubuti
797 3989 996 4071 dominabuntur
1008 3988 1052 4061 eia.
1063 3988 1122 4040 lsai.
1133 3990 1148 4039 ti
1154 4024 1163 4055 ,
1176 3992 1198 4039 s.
