2559 4450
261 298 433 361 TRll’LEX
454 301 682 365 EXPOSITIO.
703 306 787 367 CAP.
804 307 867 365 XV.
1041 310 1097 365 ull

22 398 100 451 ΨΑ.
116 394 232 454 Deinde
242 398 323 467 fluis:
337 400 402 455 edm
414 408 474 456 trs·
525 401 630 454 Perseia
648 407 734 455 autem
749 406 828 457 totius
843 404 955 468 eorporis
968 416 1097 456 munse-

20 473 126 526 rieris
137 488 262 543 regnum
276 478 335 531 1100
346 479 471 543 etmel-1,
496 470 858 535 tione,flulsor1tregni,seu
874 472 993 523 Ecclesiae
1002 473 1095 525 (iliristt

20 566 80 601 m
135 553 313 606 evacuaverit
362 557 474 609 omnem
496 551 572 602 super
584 542 679 589 terram
688 560 696 601 ;
713 543 827 604 tuusque
844 542 958 593 christus
975 555 1033 593 eum
1045 541 1097 594 lieo

19 627 217 693 ,incipamm
228 633 256 683 et
266 632 432 697 potestatem
447 635 474 685 et
496 608 563 658 Patri
578 620 624 659 suo
638 609 764 659 exhibebit
781 612 806 658 et
821 610 910 660 offeret
926 610 1001 674 plrnd
1020 624 1098 661 suue-

22 712 162 761 rrusem
496 679 550 725 am
567 679 592 725 ea
607 676 845 739 rosunum
867 677 965 731 oues
979 680 1098 730 omnum

163 744 172 761 '
495 744 608 796 hostium
623 744 768 807 tyrannide,

19 895 85 945 rod
102 896 284 959 unusquisque
295 894 325 947 ed
341 894 472 959 gloriosior
482 897 508 948 et
520 896 548 947 iu
566 896 653 946 anima
671 898 696 947 et
715 896 742 945 lu
758 907 862 959 corpore
874 899 1034 949 surrecturus
1045 900 1094 962 sit,

18 966 61 1014 rr's
80 964 181 1026 tuerit,
200 967 228 1016 in
250 966 299 1015 hue
318 966 419 1017 mortali
434 968 500 1029 vita,
516 965 616 1017 Christo
638 965 762 1029 similior;
776 978 821 1017 seu
837 966 887 1029 quo
907 967 988 1029 magis
1008 971 1094 1033 mades

18 1037 117 1084 irristi
130 1034 211 1084 fuerit
221 1036 359 1098 particeps.

29 1107 142 1154 Gratia
161 1103 255 1154 Christi
270 1106 426 1168 principium
435 1104 508 1157 uobis
520 1110 558 1157 est
573 1104 666 1156 luturae
678 1105 870 1156 resurreoionts
883 1106 912 1156 in
925 1103 1005 1168 glorie
1016 1126 1022 1155 ε
1035 1118 1094 1169 ergo

18 1188 65 1224 210
79 1175 171 1235 major
181 1172 258 1222 tuerit
275 1176 302 1224 ln
317 1186 470 1237 unoquoque
483 1175 538 1226 haee
555 1174 649 1224 Christi
664 1176 750 1236 gratiae
765 1176 941 1239 participatio,
952 1174 983 1226 ed
994 1176 1093 1236 dignior

17 1260 25 1297 t
48 1245 197 1306 gloriosior
208 1245 468 1310 srttuniusoulusque
485 1246 662 1310 participantis
672 1247 832 1297 resurreetio.

37 1316 100 1363 iiio
113 1315 195 1376 igitur
209 1314 257 1363 erit
267 1313 338 1363 oraio.

37 1386 184 1439 Primitioe
199 1387 320 1439 dirutus.
332 1387 448 1439 Christus
461 1388 585 1439 Dominus
595 1426 603 1450 ,
615 1390 732 1439 omnium
754 1389 859 1442 omnino
871 1392 970 1454 primus
988 1394 1013 1443 et
1027 1395 1092 1444 tem-

20 1472 80 1508 ore
94 1462 121 1508 et
134 1456 271 1519 dignitate,
284 1462 371 1521 utpote
390 1462 480 1509 anotor
495 1462 597 1523 gratiae,
609 1463 634 1510 et
647 1460 704 1510 tons
720 1461 787 1510 vltae.
806 1462 858 1523 llys
871 1475 928 1512 sum
944 1464 1093 1515 resurreetio

18 1539 30 1579 t
51 1531 128 1587 uita,
143 1528 290 1578 stersisse
306 1530 385 1579 Peter
401 1529 476 1580 hobel
490 1531 570 1580 situm
584 1530 611 1579 s'rs
622 1532 765 1593 semetipso,
779 1531 817 1580 lto
833 1532 899 1581 dedit
914 1538 936 1582 et
949 1533 1031 1595 Filio,
1046 1540 1091 1584 ete.

45 1601 75 1648 ls
99 1600 158 1658 jam
177 1600 329 1660 resurrexit,
348 1601 401 1661 ipse
426 1602 578 1667 resurreetio
598 1603 624 1649 et
653 1601 704 1651 vita
726 1604 752 1649 et
774 1599 883 1650 aliorum
901 1605 1093 1653 resurrectionis

16 1668 165 1731 rxemplar.
177 1668 211 1718 Et
220 1668 265 1718 alii
283 1670 359 1719 multi
377 1682 438 1720 eum
456 1682 485 1719 eo
501 1672 679 1729 surrexerunt,
696 1672 751 1730 etus
768 1669 882 1732 gloriose
901 1676 1092 1725 resrureetionis

16 1742 134 1790 :omites
144 1740 170 1787 et
181 1738 292 1789 asseclas.
302 1739 337 1789 lle
346 1738 439 1800 quihus
449 1738 478 1787 ll.
491 1738 580 1787 Mettis.
593 1740 634 1787 2⁷.
648 1740 688 1798 52,
707 1740 746 1787 5³.
854 1753 860 1761 ·

52 1814 152 1863 Deinde
162 1813 183 1862 s'i
197 1814 241 1876 qai
249 1818 308 1863 sunt
324 1813 446 1864 Christi...
457 1812 483 1863 id
494 1815 532 1862 est
541 1850 548 1875 ,
556 1814 619 1873 justi
629 1824 731 1874 omnes,
741 1810 934 1877 Christi-gratie
947 1820 1091 1881 participes,

15 1883 121 1934 Christi
143 1880 233 1932 iratres
252 1884 277 1931 et
291 1883 422 1944 membra,
438 1884 481 1944 qut
497 1894 542 1945 per
562 1880 656 1943 fldem,
678 1893 749 1943 spem
771 1884 797 1930 et
820 1882 970 1933 eharitatem
992 1886 1092 1937 Christo

15 1954 155 2014 colligatl,
168 1952 268 2015 Deoque
292 1951 378 2003 fideles
395 1955 605 2015 permanserunt3
619 1951 671 2011 illi,
689 1954 810 2012 inquam,
829 1953 857 2000 iu
872 1954 982 2004 seeundo
999 1954 1092 2007 Christi

15 2026 157 2083 adventu,
171 2024 301 2083 resurgent
316 2023 344 2070 lu
357 2023 462 2071 instanti
475 2020 579 2083 quidem
595 2032 701 2080 omnes,
714 2020 757 2068 sed
774 2021 944 2085 nauseamque
962 2024 990 2071 iss
1006 2024 1093 2075 ordine

15 2108 91 2151 suo,
109 2094 206 2153 martyr
217 2094 246 2139 ut
261 2094 374 2152 martyr,
392 2090 478 2140 doctor
500 2092 529 2139 ut
547 2088 647 2150 doctor,
659 2093 708 2138 eto.
727 2088 759 2137 iit
772 2100 861 2138 rursus
876 2093 1046 2155 domuumque
1064 2094 1092 2142 io

14 2165 117 2214 ordios
127 2173 187 2217 saro,
199 2158 229 2209 eo
242 2156 371 2221 gloriostor
381 2193 388 2220 ,
399 2159 450 2221 quo
461 2158 538 2209 fuerit
549 2158 650 2211 Christo
663 2156 770 2210 similior
785 2160 811 2208 et
819 2157 870 2209 lieo
881 2158 987 2212 ausuor.

57 2233 146 2282 Gratia
156 2242 243 2280 semen
259 2232 296 2278 est
307 2227 400 2291 glories.

59 2303 176 2354 Charitas
186 2311 306 2351 mensura
316 2300 491 2352 beatitudinis.

60 2376 171 2434 Utraque
190 2382 248 2434 ergo
266 2373 382 2422 nostrum
405 2373 438 2422 sit
455 2369 627 2436 desiderium,
645 2370 775 2436 studium,
793 2371 917 2438 (auaritia
940 2378 967 2428 et
985 2377 1091 2430 ambitio

22 2441 145 2507 nostra.)
462 2467 465 2472 ·

64 2522 131 2582 Quid
140 2519 205 2572 milti
219 2526 254 2572 est
265 2520 294 2572 lo
304 2517 383 2581 οωῑο,
394 2527 417 2573 st
427 2517 445 2573 d
455 2527 478 2573 ts
489 2520 551 2585 reid
564 2517 636 2572 solos·
647 2530 724 2584 super
736 2523 849 2572 mom?
863 2521 931 2574 Deos
946 2523 1028 2579 sordis
1041 2524 1092 2576 mel

24 2602 54 2645 et
67 2607 128 2656 pers
139 2605 195 2644 roeo
206 2592 273 2642 Deus
283 2592 311 2641 to
321 2597 449 2643 etenum.

62 2669 106 2718 Gr.
121 2667 170 2728 Qus·
184 2663 276 2717 Cltrs'sts'
287 2671 362 2726 sunt,
375 2667 404 2716 e'rs
416 2667 524 2718 adsere
537 2665 600 2730 ey'tts.

62 2739 155 2789 Christi
169 2735 277 2800 appellat
291 2749 345 2786 non
358 2735 441 2787 soldm
461 2748 516 2797 eos,
533 2738 578 2799 qui
595 2739 653 2800 post
668 2738 723 2798 etus
739 2737 941 2792 ineamutlonsm
962 2743 989 2792 ln
1006 2737 1097 2806 ipsum·
1141 2785 1146 2792 .

29 2806 208 2869 erediderunt;
221 2805 264 2858 ssd
278 2819 320 2857 eos
335 2809 413 2858 etiam
427 2807 472 2870 qul
494 2808 523 2856 in
534 2805 604 2868 lege,
620 2810 648 2856 et
663 2811 724 2858 ante
740 2807 836 2872 legem,
849 2811 942 2874 pietate
957 2814 983 2862 et
996 2813 1091 2864 virtute

30 2881 144 2940 insigues
157 2876 269 2928 luerunt.
282 2877 461 2928 Theodoretus.

65 2964 104 3011 st.
114 2961 205 3012 Deinde
217 2960 292 3024 fisis,
304 2960 331 3011 ld
343 2965 396 3021 est,
407 2962 464 3025 post
476 2959 544 3011 hane
555 2959 689 3024 gloriosam
704 2963 851 3014 serstorum
863 2965 1090 3032 resurrectionem,

31 3033 93 3084 finis
111 3032 158 3080 orit
171 3031 258 3094 regni,
277 3041 322 3081 seu
341 3029 460 3082 lioolesiae
473 3029 567 3084 Christi
590 3044 666 3097 super
684 3035 1027 3097 torrem,eteouset1ueuter
1043 3041 1092 3088 erit

34 3103 217 3155 consummatio
230 3100 318 3151 sseull.

68 3179 128 3229 Cdm
139 3177 269 3227 redderit
283 3189 389 3240 rossem
401 3177 452 3229 Deo
472 3181 495 3226 et
507 3175 612 3226 Petri...
627 3172 748 3237 Adiungit
764 3173 809 3225 hie
827 3175 959 3239 Apostolus
977 3179 1004 3228 id
1024 3175 1092 3241 quod

35 3245 173 3310 generalem
183 3249 329 3296 sanctorum
338 3247 550 3310 resurrectionem
559 3247 693 3307 sequetur,
704 3243 801 3295 scilieet
811 3244 963 3298 oblationem
973 3245 1092 3300 Eeeleslsr

36 3322 86 3370 Deo
99 3317 162 3366 Patri
177 3315 312 3366 achrlsto.

69 3392 129 3442 clm
142 3390 288 3450 tradiderit,
297 3390 323 3441 id
332 3391 385 3453 est,
397 3389 534 3452 obtulerit,
545 3389 762 3454 repraesentaverit
773 3400 895 3452 rossum,
907 3386 934 3441 id
945 3395 996 3454 est,
1004 3390 1092 3444 lisoie-
1153 3417 1154 3420 ¹

36 3465 100 3516 siam
114 3471 157 3512 suo
176 3464 298 3524 sanguine
320 3462 486 3524 requisitam,
502 3471 580 3523 quam
599 3457 697 3510 seilicet
712 3471 773 3508 eum
791 3461 930 3522 gratiarum
946 3461 1046 3513 aetione
1067 3469 1093 3515 et

37 3533 198 3584 submissione
218 3531 268 3580 Deo
287 3531 364 3580 Patri
379 3541 425 3579 suo
443 3532 507 3579 tuno
525 3528 642 3579 Christus
662 3527 784 3578 Dominus
803 3527 907 3591 otieret,
923 3530 1092 3584 othonorum

39 3603 149 3653 omnium
162 3601 259 3650 auctori
270 3603 296 3649 et
308 3598 364 3649 llnl.

68 3687 182 3737 Nerium
203 3697 236 3735 so
255 3679 638 3733 sensumsensurn-Christus
651 3683 707 3744 post
725 3692 799 3731 susm
808 3684 1036 3746 resurrectionem,
1050 3697 1093 3736 se-

40 3758 168 3818 metipsum
183 3756 198 3805 a
215 3754 324 3804 mortuis
341 3754 508 3814 suscitatum,
526 3754 555 3802 ut
574 3753 700 3814 primitias
721 3756 868 3801 sanctorum
888 3754 1092 3808 suscitandorum

42 3823 332 3957 oofflglizlslofiis’tagtffl
346 3889 487 3957 generalem
503 3890 619 3940 omnium
634 3892 781 3941 sanctorum
796 3893 1093 3955 suscitationem,totem

43 3977 110 4090 {iffi
130 3963 283 4027 liselesiam,
297 3967 398 4016 muetos
412 3973 516 4024 omnes,
536 3961 566 4011 ut
587 3957 690 4023 plenam
710 3973 818 4014 messem
837 3961 924 4014 otieret
943 3963 1027 4017 eidem
1040 3967 1092 4020 Deo
