2559 4450
142 337 179 395 ω
440 331 647 392 umssobae
661 333 714 390 ab
731 333 924 394 Bllssllssss

143 529 1210 576 mnumnmbommnummmummmm

316 739 574 835 ANALYSIS
604 739 815 826 CAPITIS
845 741 1036 829 TERTlI.

145 1078 248 1174 Pnrrro
256 1117 284 1169 et
292 1111 417 1169 secundo
428 1123 500 1166 vers.
511 1109 645 1181 proponit
653 1114 682 1164 et
691 1109 775 1165 solvit
784 1108 972 1178 objectionem
981 1113 1079 1164 contra
1091 1108 1171 1166 dicta
1184 1111 1213 1165 in

146 1199 201 1252 tine
213 1213 274 1265 cap.
288 1201 315 1252 2.
326 1198 432 1252 Deinde
440 1200 470 1251 5⁰
483 1201 510 1250 et
522 1194 705 1263 sequentibus
712 1193 854 1259 versibus,
866 1207 958 1261 usque
970 1193 1007 1247 ad
1017 1207 1090 1249 vers.
1104 1197 1132 1250 9.
1143 1194 1216 1250 duas

145 1281 212 1336 abas
224 1281 396 1350 objectiones
408 1295 442 1334 ex
453 1280 543 1348 prima
554 1279 757 1332 subnascentes
765 1277 869 1345 pariter
883 1276 1015 1345 proponit
1027 1277 1167 1338 etsolrit„

179 1364 291 1420 ludaeos
301 1364 380 1434 ergo,
391 1378 464 1432 quos
475 1364 506 1417 iu
516 1377 578 1430 cap.
591 1365 619 1416 Ξ.
633 1361 825 1430 depresserat,
838 1359 885 1413 hio
901 1357 1024 1427 primum
1039 1361 1157 1427 extollit,
1171 1361 1215 1415 di-

145 1464 213 1507 ecus
224 1463 274 1504 eos
283 1449 437 1504 Gentilibus
445 1445 661 1516 praecellere‚in
670 1459 705 1499 eo
716 1445 794 1512 qubd
805 1443 908 1498 Judaeis
917 1445 1152 1499 concredimsunt
1160 1447 1216 1500 elo·

146 1533 212 1600 quia
222 1538 251 1586 et
260 1531 398 1599 promissa
404 1531 470 1596 liei,
481 1543 545 1597 quse
552 1533 625 1583 Deus
632 1528 750 1584 fideliter
759 1526 922 1595 adimplebit
930 1566 939 1594 ,
947 1528 1136 1584 nonobstante
1142 1543 1216 1598 quo-

146 1615 275 1671 rumdam
286 1614 448 1669 ludaeorum
458 1613 662 1668 incredulitate.

180 1700 215 1753 At
229 1711 301 1752 vers.
312 1699 339 1752 9.
351 1697 463 1752 Judaeos
477 1711 574 1751 rursus
585 1695 727 1761 humiliat,
742 1699 770 1750 et
786 1694 941 1750 Gentilibus
952 1700 1045 1765 aequat
1056 1694 1086 1751 in
1097 1698 1213 1766 negotio

149 1782 264 1847 salutis,
281 1781 311 1834 in
322 1795 356 1836 eo
372 1780 449 1848 quod
463 1794 563 1834 omnes
574 1781 643 1835 ethi
654 1786 682 1835 et
699 1780 738 1834 illi
752 1779 805 1834 sub
817 1785 931 1847 peccato
947 1779 1076 1834 inerunt:
1095 1782 1175 1848 quod
1186 1787 1216 1836 et

146 1867 241 1922 multis
253 1866 403 1933 scripturae
415 1865 580 1920 testimoniis
591 1865 693 1933 probat
703 1880 794 1934 usque
803 1865 840 1919 ad
848 1880 876 1919 n.
888 1868 934 1920 lii.
943 1865 993 1918 ubi
1002 1865 1145 1919 concludit
1152 1879 1216 1919 orn-
1274 1916 1276 1931 ,

147 1965 304 2006 neruoram
317 1954 447 2005 beoreos
462 1963 538 2017 esse,
554 1956 582 2006 et
592 1949 642 2004 irae
651 1948 758 2004 birine
769 1949 907 2006 obnoxios
915 1965 924 2015 ς
933 1962 987 2005 nec
998 1948 1133 2018 operibus
1143 1949 1217 2019 legis
1274 1936 1276 1973 ³

143 2037 309 2100 justificatos
325 2034 422 2090 tuisse.
988 2063 991 2070 ·

180 2122 259 2174 vers.
268 2121 313 2174 21.
324 2120 408 2174 Suam
420 2117 456 2173 de
467 2118 586 2186 gratuita
596 2133 648 2186 per
660 2117 950 2186 fidemjustitlcatione
959 2116 1115 2172 doctrinam
1123 2118 1217 2186 aperit

147 2210 175 2261 et
189 2205 317 2274 explicat,
330 2216 421 2274 usque
431 2204 468 2259 ad
477 2217 550 2259 vers.
559 2205 604 2259 ti.
618 2202 675 2271 qua
685 2202 804 2258 stabilita
815 2207 843 2258 et
854 2200 1003 2270 explicata,
1016 2199 1145 2256 Judaeum
1155 2203 1217 2257 Ro-

146 2304 275 2355 manum,
293 2290 328 2344 de
340 2290 398 2344 suis
409 2289 541 2357 operibus
552 2288 688 2357 legalibus
698 2287 926 2357 gloriabundum,
937 2284 1084 2342 confundit
1096 2285 1214 2347 diceus:

146 2370 248 2427 obieri
262 2372 330 2442 erpo
342 2370 481 2442 ploriotio
491 2374 567 2428 tua?

181 2456 307 2525 benique
324 2458 447 2511 ostendit
458 2457 531 2511 hanc
552 2456 711 2525 gratuitam,
726 2468 777 2523 per
795 2454 893 2520 fldem,
907 2452 1136 2521 justificationem
1153 2456 1215 2508 beo

148 2540 260 2609 dignam
270 2554 345 2607 csse,
356 2539 478 2609 quicum
491 2540 527 2593 sit
536 2540 663 2593 omnium
671 2541 759 2604 Deus,
770 2538 885 2607 dignum
894 2541 936 2592 est
944 2537 1014 2591 utin
1024 2550 1124 2591 omnes
1132 2550 1216 2591 stram
1273 2561 1274 2604 r

147 2624 271 2678 oiiundat
290 2622 524 2687 misericordiam
537 2627 565 2676 et
586 2621 659 2675 sicut
675 2622 801 2676 omnium
818 2636 891 2676 unus
902 2627 945 2677 est
958 2622 1032 2676 licus
1043 2625 1072 2675 et
1086 2626 1214 2689 croator3
1273 2613 1274 2704 i

150 2708 188 2759 ita
199 2707 329 2759 omnibus
340 2718 429 2760 unum
439 2704 476 2757 sit
488 2706 584 2761 salutis
595 2705 733 2780 modium,
748 2720 879 2777 unusque
893 2704 1045 2764 llediator:
1061 2710 1090 2763 ct
1103 2704 1159 2763 boc
1168 2706 1216 2761 le·

150 2802 213 2858 pern
224 2787 340 2861 stabilit,
354 2802 412 2844 non
421 2788 548 2851 destruit.
1273 2791 1274 2812 ³
