2559 4450
272 269 442 324 TRIPLEX
459 270 684 327 uxrostrw.
704 275 784 330 CAP.
803 279 865 333 XV.
1046 282 1099 338 215

52 367 157 420 5i.1lt
164 367 271 421 liberer
279 367 314 420 alr
323 365 480 420 infidelibus
532 365 623 430 Rogete
636 369 735 433 primo,
749 375 789 433 ut,
805 374 864 423 edm
880 375 908 424 lu
921 373 1034 426 Judaern
1051 385 1097 428 ve-

19 447 66 509 qui
81 449 163 498 sunt
181 446 211 498 in
228 443 341 508 Judaea'
355 450 383 497 ec
395 445 479 497 obse.
502 447 577 496 uero,
587 435 677 487 liberer
688 439 720 488 ab
735 441 872 493 incredulis
882 442 991 506 iudeis,
1008 459 1100 496 sccun-

17 524 78 589 quii
99 523 170 574 mei
189 523 290 575 oblatio
308 527 422 589 accepta
432 521 480 575 fiat
502 498 550 561 dd,
567 506 692 554 utmeum
706 509 877 560 ministerium
894 513 921 561 ln
934 512 1098 576 eleemosynis

17 620 44 654 m
60 602 235 656 Jerusalem
246 598 363 653 Sanctis·
501 571 655 632 perferendis
679 575 704 622 et
725 573 919 639 distribuendis,
935 583 967 629 sit
983 581 1098 632 fidelibus

500 645 634 757 {caeptum
646 648 806 708 ,sanctisque
816 648 1032 713 ierosolymitanis
1041 665 1097 716 gra-

53 777 102 827 52.
132 775 177 826 Ut
196 771 304 824 reniam
321 769 357 823 ad
376 781 430 823 vos
447 769 477 822 in
531 778 623 839 Tertio,
638 781 741 830 utboni
754 786 835 846 operis
850 797 968 836 successu
981 787 1053 838 laetus
1072 793 1097 838 et

18 851 130 915 gaudio
155 863 210 915 per
223 849 392 900 veluntatem
406 846 475 913 Dei,
499 846 587 897 hilaris
602 851 634 899 ad
644 863 690 900 ros
704 854 805 902 veniam
814 891 821 913 ,
831 857 851 904 si
864 854 940 905 tuerit
951 857 994 906 liei
1004 859 1098 910 volun·

19 935 45 978 ep
60 926 227 992 refrigerer
238 924 391 978 vobiscum,
499 920 552 978 tas,
568 921 594 967 et
604 918 671 983 apud
684 927 728 968 vos
741 919 921 985 aliquantisper
938 925 1069 976 refociller.

54 1010 102 1057 55.
132 1008 215 1057 Deus
231 1008 325 1056 autem
341 1001 419 1068 pacis
442 1002 477 1055 sit
529 1009 620 1058 Precor
632 1012 718 1058 autem
730 1022 774 1071 ego
789 1024 834 1073 pro
849 1013 919 1062 robis
929 1013 1096 1078 Deumpacis

18 1099 85 1137 cum
97 1083 242 1137 omnihus
252 1081 341 1136 vobis,
359 1083 457 1137 Amen.
499 1081 525 1128 ct
536 1077 676 1128 concordie
690 1083 819 1129 auctorem
834 1084 859 1130 et
878 1089 1094 1146 conservatorem,

500 1151 528 1195 ut
538 1147 606 1211 apud
620 1159 665 1197 vos
680 1152 795 1212 maneat,
805 1150 876 1200 vohis
888 1150 954 1202 adsit
971 1155 996 1204 et
1013 1155 1096 1217 opitu·

500 1216 574 1268 letur.
589 1215 679 1268 Amen.

52 1406 123 1455 Hinc
135 1403 232 1465 collige
242 1401 310 1463 qndd
321 1401 381 1450 licet
391 1400 496 1450 sanctos
507 1399 635 1448 invocare.
645 1397 748 1449 sienim
759 1399 787 1448 it.
797 1399 874 1450 Paulo
883 1399 956 1450 licuit
967 1401 1095 1456 Murano-

24 1489 80 1522 rum
98 1475 195 1524 adhuc
211 1473 352 1523 viventium
369 1482 457 1532 preces
475 1481 527 1517 non
544 1467 706 1530 simpliciter,
723 1469 766 1518 sed
786 1471 862 1519 etlam
881 1482 924 1532 per
937 1473 1096 1522 sanctissima

26 1557 136 1605 qumque
156 1543 310 1593 obsecraret
325 1539 413 1601 quidni
432 1538 507 1587 liceat
523 1536 552 1586 li.
571 1536 657 1598 Pauli,
674 1550 733 1587 cum
749 1537 848 1588 Christo
865 1551 935 1588 nunc
949 1543 1093 1601 regnantis,

24 1615 158 1663 ncrxilium
179 1615 204 1662 et
227 1611 346 1671 suffragia
363 1610 500 1658 invocaret
517 1607 566 1656 hoc
581 1609 664 1674 <etiem¹
675 1605 735 1656 alilri
753 1607 812 1658 iecit
824 1607 853 1658 ll.
873 1606 973 1658 Pardus.
988 1609 1052 1673 Epir.
1069 1612 1094 1660 6.

24 1683 75 1731 Col.
92 1685 118 1732 l.
137 1687 164 1732 t.
179 1681 265 1730 Thess.
282 1681 306 1728 5.
319 1682 343 1727 2.
359 1677 445 1726 Thess.
466 1679 489 1726 3.
501 1675 563 1724 liele.
577 1679 615 1725 ta.

55 1769 95 1814 st.
108 1767 142 1815 Ut
149 1764 243 1814 liberer
252 1759 464 1824 cbiufidelibss...
474 1758 506 1807 ab
517 1756 654 1807 incredulis
662 1756 769 1817 iudeis,
780 1762 802 1806 ct
811 1757 923 1821 obsequii
931 1760 981 1808 mei
989 1759 1092 1810 obtem.

27 1835 66 1881 Gr.
80 1839 108 1882 et
120 1833 299 1882 ministerium
312 1841 414 1888 meum,
426 1827 523 1877 scilicet
540 1829 568 1875 in
582 1825 747 1887 elecmosynis
764 1829 789 1874 ct
808 1827 955 1888 colligendis
971 1831 997 1877 et
1010 1828 1093 1891 perte·

28 1904 131 1963 iendis,
145 1905 182 1952 sit
193 1904 325 1961 acceptum
340 1896 469 1956 tldclilrns,
482 1897 591 1957 ipsisque
602 1899 711 1956 gratum.
1094 1935 1097 1941 Α

57 1975 121 2033 ipsis
135 1973 218 2022 etiam
228 1968 321 2019 tuscis
332 1967 460 2016 conversis
470 1967 524 2014 crat
534 1967 666 2026 suspectus
681 1955 787 2024 Paulus,
797 1966 869 2025 quasi
880 1963 1002 2014 Iudaismi
1014 1965 1093 2016 hostis

28 2042 150 2091 Gentium
164 2044 295 2103 patronus.

59 2128 97 2173 32.
117 2127 151 2174 Ut
169 2123 270 2172 oesiam
284 2121 318 2169 cd
335 2133 409 2170 eoa...
429 2120 459 2167 ut
478 2115 538 2166 boni
556 2117 638 2178 operis
653 2127 771 2166 successu
786 2114 859 2166 letus
873 2119 975 2167 renium
993 2118 1090 2170 advos.

31 2194 78 2242 Per
89 2195 249 2245 voluntatem
259 2191 313 2241 Dei.
330 2189 355 2240 Si
372 2189 449 2238 tuerit
460 2185 506 2236 liei
524 2185 651 2235 uoluntas.
671 2187 704 2235 Et
715 2186 857 2249 refrigerer.
869 2185 912 2237 Gr.
924 2191 949 2235 et
960 2187 1035 2241 simul
1049 2201 1092 2238 re-

31 2277 99 2314 creer
122 2265 208 2315 robis.
229 2262 285 2325 Syr.
304 2264 329 2309 et
346 2260 477 2309 vobiscum
492 2258 665 2317 requiescam
682 2255 709 2315 ld
728 2260 778 2319 est,
791 2255 860 2320 apud
873 2268 917 2308 ros
930 2255 1053 2309 refocillet
1067 2262 1092 2309 et

33 2335 120 2384 mutui
135 2331 322 2385 consuetudine
336 2340 488 2379 recreemur.

61 2421 100 2466 33.
113 2419 184 2467 Deus
196 2421 280 2465 antem
290 2415 369 2476 pacis.
384 2410 477 2476 supple
485 2412 573 2461 auctor
578 2427 586 2471 ;
600 2410 667 2458 sicut
677 2418 743 2459 sors.
756 2408 779 2463 5.
789 2409 855 2461 Dece
870 2414 955 2461 uatem
964 2411 1091 2474 paenosa

35 2492 55 2532 et
65 2486 163 2536 solatii.
175 2499 203 2536 n.
219 2489 257 2535 ta.
268 2484 335 2534 neoc
345 2483 406 2545 spei.

62 2555 140 2617 Rogat
156 2568 203 2617 pro
217 2556 293 2616 ipsis,
306 2554 372 2602 sicut
385 2559 410 2601 ct
422 2554 534 2614 ipsorum
547 2550 673 2599 orationes
683 2548 771 2610 petiit3
782 2551 852 2610 rogat
864 2550 950 2600 autem
961 2551 1029 2613 quod
1037 2551 1090 2611 jam

35 2624 70 2673 lis
86 2629 114 2675 in
134 2628 185 2675 hoc
204 2627 285 2686 eapite
297 2625 409 2683 rogarit,
423 2624 452 2670 ut
463 2618 593 2683 amputati
608 2620 679 2671 omni
692 2619 881 2682 misericordis,
894 2621 1030 2673 concordes
1040 2624 1090 2673 sint

37 2695 194 2753 inveritate,
208 2692 283 2754 idque
294 2692 309 2740 a
319 2691 369 2740 Deo
382 2692 452 2753 pacis
463 2689 590 2751 efflagitat.

39 2818 207 2869 Corollaritcm
219 2815 339 2879 pietatis,
356 2827 400 2862 sete
420 2826 475 2875 pan
485 2812 513 2859 io
529 2812 575 2861 hoc
587 2813 668 2874 capite
686 2813 725 2863 15.
738 2814 773 2863 od
787 2814 903 2875 mercem
914 2812 1022 2866 moelcol
1034 2823 1090 2866 sunt

324 2884 450 2941 cotoneo,
464 2886 486 2931 et
498 2882 526 2930 in
542 2882 644 2943 proxim
657 2882 800 2945 redtpmdc.

64 3000 155 3054 Pereo.
166 3028 199 3039 -
213 3002 251 3051 iix
264 3000 314 3050 hoc
329 3001 410 3061 capite
427 2998 495 3049 disce
510 2997 626 3048 traternae
636 2998 892 3051 charltatls'debltum
905 3013 973 3063 esse,
982 3002 1090 3055 infirmis

39 3076 160 3134 compati,
180 3074 341 3133 ipsorumque
357 3067 516 3117 infirmitates
526 3067 617 3117 leniter
632 3070 657 3115 et
676 3066 824 3117 charltative
841 3072 941 3130 portare
952 3106 958 3129 ,
971 3072 1037 3131 ipsos
1048 3074 1089 3119 ln·

39 3143 145 3201 struere,
155 3142 259 3201 jurare,
279 3137 378 3196 lovere3
396 3137 463 3185 sicut
482 3135 597 3184 iraternae
616 3134 746 3185 charitatis
762 3134 874 3184 debitum
888 3140 925 3185 est
938 3138 1089 3201 pauperibus

38 3211 163 3269 compati,
178 3208 239 3269 ipsis
250 3216 366 3267 erogare,
384 3201 535 3265 illorumque
546 3205 675 3252 miseriam
691 3200 828 3251 sublevare.

67 3277 101 3331 lid
113 3278 163 3327 hoc
174 3276 248 3325 datur
263 3276 369 3324 seientia
382 3276 407 3322 et
417 3275 516 3332 virtus,
534 3276 561 3321 nt
572 3274 713 3321 instruatur
725 3274 840 3332 ignarus,
853 3276 877 3321 ct
893 3277 1005 3336 portetur
1017 3276 1088 3331 intir-

41 3354 92 3392 mas
102 3365 109 3405 t
121 3348 189 3395 sieut
201 3344 233 3393 ad
246 3344 295 3392 hoc
310 3343 374 3391 datae
385 3344 444 3390 sunt
454 3341 574 3390 divitibus
585 3352 644 3402 opes
655 3377 662 3399 ‚
675 3344 704 3388 ut
717 3340 846 3391 sublevent
857 3355 987 3404 pauperes.

67 3413 97 3461 Et
114 3417 181 3464 sicut
195 3411 264 3462 dives
277 3414 304 3460 in
326 3413 378 3460 suis
393 3410 489 3459 divitiis
510 3410 558 3459 sibi
576 3408 747 3471 complacens,
764 3422 855 3471 easque
873 3412 920 3461 sibi
945 3424 1088 3475 reservans,

42 3488 122 3539 peccat
132 3483 255 3542 auaritia3
276 3483 313 3529 sic
325 3479 365 3528 rel
378 3482 405 3528 in
422 3491 468 3527 sua
481 3480 586 3527 scicntia
605 3477 646 3526 vel
659 3480 752 3529 virtute
765 3480 812 3529 sibi
832 3480 942 3542 placere,
961 3484 1045 3544 eisque
1057 3484 1088 3534 aci
1141 3516 1143 3521 ·

42 3555 142 3606 proximi
150 3552 248 3602 bonum
258 3553 284 3599 et
293 3548 402 3599 salutem
412 3560 465 3597 non
479 3550 532 3609 uti,
546 3560 618 3596 aanor
628 3548 731 3609 quidam
742 3552 779 3597 ost
789 3552 1016 3613 concupiscentiae,
1031 3551 1088 3602 cha·

43 3618 104 3667 ritati
117 3622 267 3670 contrarius.

70 3689 164 3741 Oileus
178 3692 302 3742 charitas!
314 3703 389 3754 parce
404 3690 485 3751 milri,
503 3693 528 3739 et
538 3703 570 3740 ne
584 3686 721 3741 recorderis
732 3696 963 3756 concupiscentias,
979 3693 1088 3758 compla-

44 3762 147 3821 centias,
166 3764 191 3809 et
208 3762 327 3810 avaritias
344 3761 429 3810 measl
450 3759 551 3821 Quoties
570 3759 633 3809 mihi
654 3760 811 3823 complacui!
831 3764 928 3825 quoties
944 3766 970 3812 iu
986 3764 1089 3813 tratrem

45 3836 122 3879 meum
137 3830 270 3892 indignans
283 3830 421 3879 excandui!
434 3832 531 3891 quoties
542 3832 597 3889 ejus
612 3831 764 3890 ignorantias
778 3836 802 3880 et
822 3830 1013 3882 allucinationes
1027 3834 1098 3897 agro

46 3893 98 3943 tuli!
110 3897 198 3948 leniter
208 3913 260 3949 non
270 3902 391 3949 instruxi!
404 3898 550 3949 charitative
559 3911 610 3945 non
622 3901 717 3948 correxi
729 3902 733 3947 !
746 3905 807 3961 quot
818 3913 873 3963 ergo
887 3906 987 3964 peccatu
1002 3910 1090 3955 contra
1134 3893 1138 3903 ’

48 3964 69 4013 tc
80 3970 206 4036 commisi,
220 3968 313 4043 plistu
324 3968 432 4026 thuias
445 3971 451 4020 t
463 3967 478 4019 ὁ
488 3968 554 4021 Deus
565 3970 684 4034 patientia
697 3972 702 4018 t
