<?xml version="1.0" encoding="UTF-8"?>
<!DOCTYPE html PUBLIC "-//W3C//DTD XHTML 1.0 Transitional//EN"
    "http://www.w3.org/TR/xhtml1/DTD/xhtml1-transitional.dtd">
<html xmlns="http://www.w3.org/1999/xhtml" xml:lang="en" lang="en">
 <head>
  <title>
</title>
<meta http-equiv="Content-Type" content="text/html;charset=utf-8" />
  <meta name='ocr-system' content='tesseract 3.04.00' />
  <meta name='ocr-capabilities' content='ocr_page ocr_carea ocr_par ocr_line ocrx_word'/>
</head>
<body>
  <div class='ocr_page' id='page_1' title='image "./epistolarumbpau03berngoog_0233.png"; bbox 0 0 2559 4450; ppageno 0'>
   <div class='ocr_carea' id='block_1_1' title="bbox 187 245 1033 307">
    <p class='ocr_par' dir='ltr' id='par_1_1' title="bbox 187 245 1033 307">
     <span class='ocr_line' id='line_1_1' title="bbox 187 245 1033 307; baseline -0.004 -1"><span class='ocrx_word' id='word_1_1' title='bbox 187 250 243 307; x_wconf 74' lang='lat' dir='ltr'>ato</span> <span class='ocrx_word' id='word_1_2' title='bbox 435 268 440 279; x_wconf 92' lang='lat'>·</span> <span class='ocrx_word' id='word_1_3' title='bbox 482 247 688 306; x_wconf 72' lang='lat' dir='ltr'>El’lS’l‘OLrE</span> <span class='ocrx_word' id='word_1_4' title='bbox 707 253 758 304; x_wconf 80' lang='lat' dir='ltr'>iii</span> <span class='ocrx_word' id='word_1_5' title='bbox 774 245 960 304; x_wconf 74' lang='lat' dir='ltr'>nuutios</span> <span class='ocrx_word' id='word_1_6' title='bbox 1030 247 1033 257; x_wconf 90' lang='lat'>&#39;</span> 
     </span>
    </p>
   </div>
   <div class='ocr_carea' id='block_1_2' title="bbox 188 342 1269 485">
    <p class='ocr_par' dir='ltr' id='par_1_2' title="bbox 188 342 1269 485">
     <span class='ocr_line' id='line_1_2' title="bbox 217 342 1269 410; baseline -0.005 -12"><span class='ocrx_word' id='word_1_7' title='bbox 217 347 271 398; x_wconf 88' lang='lat' dir='ltr'>lloc</span> <span class='ocrx_word' id='word_1_8' title='bbox 286 349 372 398; x_wconf 87' lang='lat' dir='ltr'>autem</span> <span class='ocrx_word' id='word_1_9' title='bbox 387 356 484 398; x_wconf 85' lang='lat' dir='ltr'>munus</span> <span class='ocrx_word' id='word_1_10' title='bbox 501 351 554 410; x_wconf 88' lang='lat' dir='ltr'>est,</span> <span class='ocrx_word' id='word_1_11' title='bbox 566 352 595 398; x_wconf 93' lang='lat' dir='ltr'>nt</span> <span class='ocrx_word' id='word_1_12' title='bbox 608 359 652 410; x_wconf 77' lang='lat' dir='ltr'>ego</span> <span class='ocrx_word' id='word_1_13' title='bbox 664 347 713 398; x_wconf 90' lang='lat' dir='ltr'>sim</span> <span class='ocrx_word' id='word_1_14' title='bbox 724 349 791 397; x_wconf 86' lang='lat' dir='ltr'>inter</span> <span class='ocrx_word' id='word_1_15' title='bbox 848 348 894 400; x_wconf 84' lang='lat' dir='ltr'>to.</span> <span class='ocrx_word' id='word_1_16' title='bbox 907 347 942 399; x_wconf 84' lang='lat' dir='ltr'>tit</span> <span class='ocrx_word' id='word_1_17' title='bbox 957 343 1010 397; x_wconf 78' lang='lat' dir='ltr'>sim</span> <span class='ocrx_word' id='word_1_18' title='bbox 1020 342 1150 398; x_wconf 68' lang='lat' dir='ltr'>mimate</span> <span class='ocrx_word' id='word_1_19' title='bbox 1159 343 1269 396; x_wconf 78' lang='lat' dir='ltr'>Christi</span> 
     </span>
     <span class='ocr_line' id='line_1_3' title="bbox 188 417 1269 485; baseline -0.007 -18"><span class='ocrx_word' id='word_1_20' title='bbox 188 424 275 481; x_wconf 75' lang='lat' dir='ltr'>gentes</span> <span class='ocrx_word' id='word_1_21' title='bbox 288 418 405 480; x_wconf 89' lang='lat' dir='ltr'>pnbilcns</span> <span class='ocrx_word' id='word_1_22' title='bbox 418 430 548 467; x_wconf 88' lang='lat' dir='ltr'>sacrorum</span> <span class='ocrx_word' id='word_1_23' title='bbox 559 417 617 466; x_wconf 84' lang='lat' dir='ltr'>lesu</span> <span class='ocrx_word' id='word_1_24' title='bbox 635 417 729 466; x_wconf 86' lang='lat' dir='ltr'>christi</span> <span class='ocrx_word' id='word_1_25' title='bbox 741 418 791 466; x_wconf 91' lang='lat' dir='ltr'>mi·</span> <span class='ocrx_word' id='word_1_26' title='bbox 813 428 879 479; x_wconf 51' lang='grc' dir='ltr'>κω</span> <span class='ocrx_word' id='word_1_27' title='bbox 905 423 935 476; x_wconf 69' lang='lat' dir='ltr'>in</span> <span class='ocrx_word' id='word_1_28' title='bbox 955 423 1105 485; x_wconf 65' lang='lat' dir='ltr'>Gentibus,</span> <span class='ocrx_word' id='word_1_29' title='bbox 1135 423 1269 474; x_wconf 61' lang='lat' dir='ltr'>menn.</span> 
     </span>
    </p>
   </div>
   <div class='ocr_carea' id='block_1_3' title="bbox 188 485 1266 568">
    <p class='ocr_par' dir='ltr' id='par_1_3' title="bbox 188 485 1266 568">
     <span class='ocr_line' id='line_1_4' title="bbox 188 485 1266 568; baseline 0.005 -32"><span class='ocrx_word' id='word_1_30' title='bbox 188 488 281 545; x_wconf 91' lang='lat' dir='ltr'>nister;</span> <span class='ocrx_word' id='word_1_31' title='bbox 291 485 436 536; x_wconf 81' lang='lat' dir='ltr'>sacrificans</span> <span class='ocrx_word' id='word_1_32' title='bbox 452 497 497 547; x_wconf 92' lang='lat' dir='ltr'>per</span> <span class='ocrx_word' id='word_1_33' title='bbox 510 485 688 546; x_wconf 79' lang='lat' dir='ltr'>Erangciicam</span> <span class='ocrx_word' id='word_1_34' title='bbox 699 485 792 546; x_wconf 78' lang='lat' dir='ltr'>predi·</span> <span class='ocrx_word' id='word_1_35' title='bbox 814 517 882 556; x_wconf 63' lang='lat' dir='ltr'><strong>cans</strong></span> <span class='ocrx_word' id='word_1_36' title='bbox 894 501 1074 568; x_wconf 55' lang='lat' dir='ltr'>mangonum</span> <span class='ocrx_word' id='word_1_37' title='bbox 1085 501 1150 564; x_wconf 63' lang='lat' dir='ltr'>pei,</span> <span class='ocrx_word' id='word_1_38' title='bbox 1171 507 1206 552; x_wconf 73' lang='lat' dir='ltr'>ut</span> <span class='ocrx_word' id='word_1_39' title='bbox 1220 501 1266 549; x_wconf 69' lang='lat' dir='ltr'>fiat</span> 
     </span>
    </p>
   </div>
   <div class='ocr_carea' id='block_1_4' title="bbox 189 551 1267 721">
    <p class='ocr_par' dir='ltr' id='par_1_4' title="bbox 189 551 1267 721">
     <span class='ocr_line' id='line_1_5' title="bbox 189 551 1267 644; baseline 0.018 -27"><span class='ocrx_word' id='word_1_40' title='bbox 189 555 398 613; x_wconf 62' lang='lat'>⁰³²1011⁰¹¹¹2¹¹⁰¹¹</span> <span class='ocrx_word' id='word_1_41' title='bbox 416 551 547 634; x_wconf 68' lang='lat' dir='ltr'>P⁸⁰¹¹d⁰³i</span> <span class='ocrx_word' id='word_1_42' title='bbox 564 553 607 601; x_wconf 47' lang='lat' dir='ltr'>md</span> <span class='ocrx_word' id='word_1_43' title='bbox 627 551 791 634; x_wconf 67' lang='lat' dir='ltr'>h⁰m¹¹¹⁰⁵.⁸d</span> <span class='ocrx_word' id='word_1_44' title='bbox 815 581 918 634; x_wconf 91' lang='lat' dir='ltr'>oblatio</span> <span class='ocrx_word' id='word_1_45' title='bbox 937 579 1068 632; x_wconf 86' lang='lat' dir='ltr'>Gentium</span> <span class='ocrx_word' id='word_1_46' title='bbox 1092 585 1214 644; x_wconf 80' lang='lat' dir='ltr'>accepta</span> <span class='ocrx_word' id='word_1_47' title='bbox 1242 585 1267 628; x_wconf 69' lang='lat'>01</span> 
     </span>
     <span class='ocr_line' id='line_1_6' title="bbox 189 619 1265 721; baseline 0.018 -53"><span class='ocrx_word' id='word_1_48' title='bbox 189 619 265 669; x_wconf 89' lang='lat' dir='ltr'>tidem</span> <span class='ocrx_word' id='word_1_49' title='bbox 279 633 414 670; x_wconf 87' lang='lat' dir='ltr'>conversos</span> <span class='ocrx_word' id='word_1_50' title='bbox 422 642 429 683; x_wconf 89' lang='lat'>;</span> <span class='ocrx_word' id='word_1_51' title='bbox 439 626 468 670; x_wconf 91' lang='lat' dir='ltr'>ut</span> <span class='ocrx_word' id='word_1_52' title='bbox 475 621 586 670; x_wconf 82' lang='lat' dir='ltr'>Gentiles</span> <span class='ocrx_word' id='word_1_53' title='bbox 595 623 631 670; x_wconf 92' lang='lat' dir='ltr'>sic</span> <span class='ocrx_word' id='word_1_54' title='bbox 642 620 791 681; x_wconf 81' lang='lat' dir='ltr'>Evangeircd</span> <span class='ocrx_word' id='word_1_55' title='bbox 815 653 1136 721; x_wconf 49' lang='lat' dir='ltr'>mctffifflminspffim</span> <span class='ocrx_word' id='word_1_56' title='bbox 1144 657 1265 710; x_wconf 55' lang='lat' dir='ltr'>sanem,</span> 
     </span>
    </p>
   </div>
   <div class='ocr_carea' id='block_1_5' title="bbox 188 687 1264 1230">
    <p class='ocr_par' dir='ltr' id='par_1_5' title="bbox 188 687 792 877">
     <span class='ocr_line' id='line_1_7' title="bbox 188 687 792 752; baseline -0.002 -15"><span class='ocrx_word' id='word_1_57' title='bbox 188 688 366 751; x_wconf 74' lang='lat' dir='ltr'>predicatione</span> <span class='ocrx_word' id='word_1_58' title='bbox 393 689 557 752; x_wconf 89' lang='lat' dir='ltr'>spiritualiter</span> <span class='ocrx_word' id='word_1_59' title='bbox 579 689 700 748; x_wconf 88' lang='lat' dir='ltr'>mactati,</span> <span class='ocrx_word' id='word_1_60' title='bbox 729 687 792 736; x_wconf 89' lang='lat' dir='ltr'>dant</span> 
     </span>
     <span class='ocr_line' id='line_1_8' title="bbox 189 755 792 824; baseline -0.002 -19"><span class='ocrx_word' id='word_1_61' title='bbox 189 756 282 807; x_wconf 89' lang='lat' dir='ltr'>oblatio</span> <span class='ocrx_word' id='word_1_62' title='bbox 292 760 396 820; x_wconf 90' lang='lat' dir='ltr'>accepta</span> <span class='ocrx_word' id='word_1_63' title='bbox 407 757 471 818; x_wconf 84' lang='lat' dir='ltr'>Deo,</span> <span class='ocrx_word' id='word_1_64' title='bbox 483 762 509 806; x_wconf 92' lang='lat' dir='ltr'>et</span> <span class='ocrx_word' id='word_1_65' title='bbox 519 757 606 806; x_wconf 81' lang='lat' dir='ltr'>Sancti</span> <span class='ocrx_word' id='word_1_66' title='bbox 618 755 725 820; x_wconf 80' lang='lat' dir='ltr'>Spiritus</span> <span class='ocrx_word' id='word_1_67' title='bbox 735 758 792 824; x_wconf 80' lang='lat' dir='ltr'>igne</span> 
     </span>
     <span class='ocr_line' id='line_1_9' title="bbox 189 825 357 877; baseline -0.006 0"><span class='ocrx_word' id='word_1_68' title='bbox 189 825 357 877; x_wconf 78' lang='lat' dir='ltr'>sanctificata.</span> 
     </span>
    </p>

    <p class='ocr_par' dir='ltr' id='par_1_6' title="bbox 188 889 1264 1230">
     <span class='ocr_line' id='line_1_10' title="bbox 218 889 1264 960; baseline -0.004 -16"><span class='ocrx_word' id='word_1_69' title='bbox 218 895 248 945; x_wconf 90' lang='lat' dir='ltr'>ln</span> <span class='ocrx_word' id='word_1_70' title='bbox 262 910 312 957; x_wconf 81' lang='lat' dir='ltr'>quc</span> <span class='ocrx_word' id='word_1_71' title='bbox 332 896 435 960; x_wconf 83' lang='lat' dir='ltr'>quidem</span> <span class='ocrx_word' id='word_1_72' title='bbox 450 896 607 955; x_wconf 84' lang='lat' dir='ltr'>ministerio,</span> <span class='ocrx_word' id='word_1_73' title='bbox 622 895 657 944; x_wconf 88' lang='lat' dir='ltr'>iia</span> <span class='ocrx_word' id='word_1_74' title='bbox 671 893 736 942; x_wconf 75' lang='lat' dir='ltr'>naht</span> <span class='ocrx_word' id='word_1_75' title='bbox 752 905 792 942; x_wconf 84' lang='lat' dir='ltr'>ras</span> <span class='ocrx_word' id='word_1_76' title='bbox 849 895 895 945; x_wconf 78' lang='lat' dir='ltr'>ii.</span> <span class='ocrx_word' id='word_1_77' title='bbox 920 889 1016 943; x_wconf 82' lang='lat' dir='ltr'>liabeo</span> <span class='ocrx_word' id='word_1_78' title='bbox 1035 889 1122 957; x_wconf 73' lang='lat' dir='ltr'>igitur</span> <span class='ocrx_word' id='word_1_79' title='bbox 1144 890 1264 956; x_wconf 77' lang='lat' dir='ltr'>gloriam</span> 
     </span>
     <span class='ocr_line' id='line_1_11' title="bbox 190 960 1210 1026; baseline -0.006 -12"><span class='ocrx_word' id='word_1_80' title='bbox 190 965 294 1014; x_wconf 75' lang='lat' dir='ltr'>feliciter</span> <span class='ocrx_word' id='word_1_81' title='bbox 307 968 440 1025; x_wconf 86' lang='lat' dir='ltr'>successit,</span> <span class='ocrx_word' id='word_1_82' title='bbox 453 967 481 1013; x_wconf 90' lang='lat' dir='ltr'>nt</span> <span class='ocrx_word' id='word_1_83' title='bbox 492 963 599 1012; x_wconf 79' lang='lat' dir='ltr'>habeam</span> <span class='ocrx_word' id='word_1_84' title='bbox 610 961 679 1010; x_wconf 90' lang='lat' dir='ltr'>unde</span> <span class='ocrx_word' id='word_1_85' title='bbox 692 960 791 1022; x_wconf 84' lang='lat' dir='ltr'>glorier,</span> <span class='ocrx_word' id='word_1_86' title='bbox 807 969 845 1022; x_wconf 51' lang='lat' dir='ltr'>¹in</span> <span class='ocrx_word' id='word_1_87' title='bbox 855 967 964 1024; x_wconf 54' lang='lat' dir='ltr'>Christo</span> <span class='ocrx_word' id='word_1_88' title='bbox 976 969 1043 1022; x_wconf 67' lang='lat' dir='ltr'>mu</span> <span class='ocrx_word' id='word_1_89' title='bbox 1054 967 1093 1022; x_wconf 65' lang='lat' dir='ltr'>gd</span> <span class='ocrx_word' id='word_1_90' title='bbox 1105 970 1210 1026; x_wconf 64' lang='lat' dir='ltr'>pem,</span> 
     </span>
     <span class='ocr_line' id='line_1_12' title="bbox 190 1030 791 1097; baseline -0.01 -13"><span class='ocrx_word' id='word_1_91' title='bbox 190 1048 241 1084; x_wconf 91' lang='lat' dir='ltr'>non</span> <span class='ocrx_word' id='word_1_92' title='bbox 253 1035 321 1097; x_wconf 91' lang='lat' dir='ltr'>apud</span> <span class='ocrx_word' id='word_1_93' title='bbox 339 1035 468 1092; x_wconf 85' lang='lat' dir='ltr'>homines,</span> <span class='ocrx_word' id='word_1_94' title='bbox 485 1033 530 1082; x_wconf 91' lang='lat' dir='ltr'>sed</span> <span class='ocrx_word' id='word_1_95' title='bbox 542 1031 610 1093; x_wconf 91' lang='lat' dir='ltr'>apud</span> <span class='ocrx_word' id='word_1_96' title='bbox 624 1030 722 1090; x_wconf 87' lang='lat' dir='ltr'>Deum,</span> <span class='ocrx_word' id='word_1_97' title='bbox 740 1042 791 1079; x_wconf 90' lang='lat' dir='ltr'>non</span> 
     </span>
     <span class='ocr_line' id='line_1_13' title="bbox 189 1098 792 1164; baseline -0.005 -13"><span class='ocrx_word' id='word_1_98' title='bbox 189 1103 218 1151; x_wconf 94' lang='lat' dir='ltr'>in</span> <span class='ocrx_word' id='word_1_99' title='bbox 229 1105 393 1164; x_wconf 83' lang='lat' dir='ltr'>memetipso,</span> <span class='ocrx_word' id='word_1_100' title='bbox 404 1102 448 1151; x_wconf 88' lang='lat' dir='ltr'>sed</span> <span class='ocrx_word' id='word_1_101' title='bbox 467 1105 496 1152; x_wconf 93' lang='lat' dir='ltr'>in</span> <span class='ocrx_word' id='word_1_102' title='bbox 510 1100 610 1150; x_wconf 87' lang='lat' dir='ltr'>Christo</span> <span class='ocrx_word' id='word_1_103' title='bbox 628 1098 702 1159; x_wconf 86' lang='lat' dir='ltr'>lesu,</span> <span class='ocrx_word' id='word_1_104' title='bbox 719 1102 792 1160; x_wconf 85' lang='lat' dir='ltr'>cujus</span> 
     </span>
     <span class='ocr_line' id='line_1_14' title="bbox 188 1168 759 1230; baseline -0.007 -9"><span class='ocrx_word' id='word_1_105' title='bbox 188 1173 244 1221; x_wconf 85' lang='lat' dir='ltr'>vice</span> <span class='ocrx_word' id='word_1_106' title='bbox 255 1174 281 1219; x_wconf 89' lang='lat' dir='ltr'>et</span> <span class='ocrx_word' id='word_1_107' title='bbox 292 1173 365 1230; x_wconf 86' lang='lat' dir='ltr'>cujus</span> <span class='ocrx_word' id='word_1_108' title='bbox 374 1172 467 1219; x_wconf 87' lang='lat' dir='ltr'>virtute</span> <span class='ocrx_word' id='word_1_109' title='bbox 476 1182 534 1218; x_wconf 89' lang='lat' dir='ltr'>meo</span> <span class='ocrx_word' id='word_1_110' title='bbox 541 1179 650 1218; x_wconf 87' lang='lat' dir='ltr'>munere</span> <span class='ocrx_word' id='word_1_111' title='bbox 661 1168 759 1230; x_wconf 85' lang='lat' dir='ltr'>fungor.</span> 
     </span>
    </p>
   </div>
   <div class='ocr_carea' id='block_1_6' title="bbox 188 1282 1262 1433">
    <p class='ocr_par' dir='ltr' id='par_1_7' title="bbox 188 1282 1262 1433">
     <span class='ocr_line' id='line_1_15' title="bbox 188 1282 1262 1376; baseline -0.001 -12"><span class='ocrx_word' id='word_1_112' title='bbox 188 1313 312 1372; x_wconf 83' lang='lat' dir='ltr'>scribere,</span> <span class='ocrx_word' id='word_1_113' title='bbox 322 1315 462 1375; x_wconf 87' lang='lat' dir='ltr'>imperare;</span> <span class='ocrx_word' id='word_1_114' title='bbox 473 1282 658 1362; x_wconf 81' lang='lat' dir='ltr'>monitionibus</span> <span class='ocrx_word' id='word_1_115' title='bbox 669 1315 694 1361; x_wconf 87' lang='lat' dir='ltr'>ct</span> <span class='ocrx_word' id='word_1_116' title='bbox 706 1311 904 1366; x_wconf 76' lang='lat' dir='ltr'>correctionibus</span> <span class='ocrx_word' id='word_1_117' title='bbox 918 1317 1011 1364; x_wconf 90' lang='lat' dir='ltr'>miram</span> <span class='ocrx_word' id='word_1_118' title='bbox 1022 1315 1132 1376; x_wconf 83' lang='lat' dir='ltr'>gratiam</span> <span class='ocrx_word' id='word_1_119' title='bbox 1147 1318 1173 1364; x_wconf 90' lang='lat' dir='ltr'>ct</span> <span class='ocrx_word' id='word_1_120' title='bbox 1183 1317 1262 1364; x_wconf 79' lang='lat' dir='ltr'>edica-</span> 
     </span>
     <span class='ocr_line' id='line_1_16' title="bbox 189 1382 489 1433; baseline -0.007 -1"><span class='ocrx_word' id='word_1_121' title='bbox 189 1385 255 1432; x_wconf 90' lang='lat' dir='ltr'>ciam</span> <span class='ocrx_word' id='word_1_122' title='bbox 269 1383 339 1432; x_wconf 85' lang='lat' dir='ltr'>dabit</span> <span class='ocrx_word' id='word_1_123' title='bbox 348 1382 489 1433; x_wconf 81' lang='lat' dir='ltr'>humilitas.</span> 
     </span>
    </p>
   </div>
   <div class='ocr_carea' id='block_1_7' title="bbox 188 1464 1260 1663">
    <p class='ocr_par' dir='ltr' id='par_1_8' title="bbox 188 1464 1260 1663">
     <span class='ocr_line' id='line_1_17' title="bbox 222 1464 1260 1528; baseline 0.002 -16"><span class='ocrx_word' id='word_1_124' title='bbox 222 1468 260 1514; x_wconf 86' lang='lat' dir='ltr'>iti.</span> <span class='ocrx_word' id='word_1_125' title='bbox 277 1466 307 1513; x_wconf 81' lang='lat' dir='ltr'>Ut</span> <span class='ocrx_word' id='word_1_126' title='bbox 318 1464 368 1512; x_wconf 82' lang='lat' dir='ltr'>sim</span> <span class='ocrx_word' id='word_1_127' title='bbox 382 1465 497 1514; x_wconf 79' lang='lat' dir='ltr'>minister</span> <span class='ocrx_word' id='word_1_128' title='bbox 510 1466 570 1514; x_wconf 76' lang='lat' dir='ltr'>decu</span> <span class='ocrx_word' id='word_1_129' title='bbox 585 1464 708 1515; x_wconf 72' lang='lat' dir='ltr'>Christi...</span> <span class='ocrx_word' id='word_1_130' title='bbox 721 1464 835 1528; x_wconf 81' lang='lat' dir='ltr'>Explicat</span> <span class='ocrx_word' id='word_1_131' title='bbox 849 1467 957 1527; x_wconf 82' lang='lat' dir='ltr'>gratiam</span> <span class='ocrx_word' id='word_1_132' title='bbox 968 1477 1014 1516; x_wconf 89' lang='lat' dir='ltr'>seu</span> <span class='ocrx_word' id='word_1_133' title='bbox 1025 1477 1121 1515; x_wconf 88' lang='lat' dir='ltr'>munus</span> <span class='ocrx_word' id='word_1_134' title='bbox 1134 1464 1184 1517; x_wconf 90' lang='lat' dir='ltr'>sibi</span> <span class='ocrx_word' id='word_1_135' title='bbox 1201 1467 1260 1515; x_wconf 81' lang='lat' dir='ltr'>diri-</span> 
     </span>
     <span class='ocr_line' id='line_1_18' title="bbox 188 1533 1260 1598; baseline 0.002 -16"><span class='ocrx_word' id='word_1_136' title='bbox 188 1535 259 1582; x_wconf 88' lang='lat' dir='ltr'>nitus</span> <span class='ocrx_word' id='word_1_137' title='bbox 270 1535 431 1595; x_wconf 65' lang='lat' dir='ltr'>impositum</span> <span class='ocrx_word' id='word_1_138' title='bbox 443 1533 550 1595; x_wconf 86' lang='lat' dir='ltr'>explicat</span> <span class='ocrx_word' id='word_1_139' title='bbox 560 1539 647 1584; x_wconf 89' lang='lat' dir='ltr'>antem</span> <span class='ocrx_word' id='word_1_140' title='bbox 659 1535 757 1596; x_wconf 76' lang='lat' dir='ltr'>egregia</span> <span class='ocrx_word' id='word_1_141' title='bbox 769 1535 930 1598; x_wconf 84' lang='lat' dir='ltr'>metaphora,</span> <span class='ocrx_word' id='word_1_142' title='bbox 944 1535 996 1598; x_wconf 83' lang='lat' dir='ltr'>qua</span> <span class='ocrx_word' id='word_1_143' title='bbox 1007 1534 1039 1584; x_wconf 88' lang='lat' dir='ltr'>dc</span> <span class='ocrx_word' id='word_1_144' title='bbox 1053 1535 1189 1598; x_wconf 80' lang='lat' dir='ltr'>Evangelii</span> <span class='ocrx_word' id='word_1_145' title='bbox 1203 1551 1260 1598; x_wconf 70' lang='lat' dir='ltr'>pra</span> 
     </span>
     <span class='ocr_line' id='line_1_19' title="bbox 189 1602 726 1663; baseline 0.006 -13"><span class='ocrx_word' id='word_1_146' title='bbox 189 1602 316 1652; x_wconf 77' lang='lat' dir='ltr'>clinatione</span> <span class='ocrx_word' id='word_1_147' title='bbox 329 1603 455 1662; x_wconf 84' lang='lat' dir='ltr'>loquitur,</span> <span class='ocrx_word' id='word_1_148' title='bbox 467 1605 540 1663; x_wconf 88' lang='lat' dir='ltr'>quasi</span> <span class='ocrx_word' id='word_1_149' title='bbox 550 1603 580 1652; x_wconf 91' lang='lat' dir='ltr'>de</span> <span class='ocrx_word' id='word_1_150' title='bbox 591 1603 726 1653; x_wconf 89' lang='lat' dir='ltr'>sacriticio.</span> 
     </span>
    </p>
   </div>
   <div class='ocr_carea' id='block_1_8' title="bbox 188 1671 1259 1792">
    <p class='ocr_par' dir='ltr' id='par_1_9' title="bbox 188 1671 1259 1792">
     <span class='ocr_line' id='line_1_20' title="bbox 188 1671 1259 1792; baseline 0.004 -72"><span class='ocrx_word' id='word_1_151' title='bbox 188 1741 203 1792; x_wconf 58' lang='lat' dir='ltr'>J</span> <span class='ocrx_word' id='word_1_152' title='bbox 219 1671 252 1720; x_wconf 90' lang='lat' dir='ltr'>Ut</span> <span class='ocrx_word' id='word_1_153' title='bbox 261 1671 437 1790; x_wconf 39' lang='lat' dir='ltr'>&amp;crudentes</span> <span class='ocrx_word' id='word_1_154' title='bbox 450 1674 500 1721; x_wconf 87' lang='lat' dir='ltr'>sim</span> <span class='ocrx_word' id='word_1_155' title='bbox 518 1672 659 1734; x_wconf 67' lang='grc' dir='ltr'><strong><em>λιιτουῃὸς,</em></strong></span> <span class='ocrx_word' id='word_1_156' title='bbox 677 1673 797 1724; x_wconf 80' lang='lat' dir='ltr'>Publicus</span> <span class='ocrx_word' id='word_1_157' title='bbox 815 1685 947 1725; x_wconf 85' lang='lat' dir='ltr'>sacrorum</span> <span class='ocrx_word' id='word_1_158' title='bbox 966 1675 1083 1724; x_wconf 81' lang='lat' dir='ltr'>minister</span> <span class='ocrx_word' id='word_1_159' title='bbox 1097 1677 1124 1725; x_wconf 88' lang='lat' dir='ltr'>et</span> <span class='ocrx_word' id='word_1_160' title='bbox 1135 1673 1259 1725; x_wconf 51' lang='lat' dir='ltr'>¹Sacerdos</span> 
     </span>
     <span class='ocr_line' id='line_1_21' title="bbox 203 1753 994 1790; baseline 0 0"><span class='ocrx_word' id='word_1_161' title='bbox 203 1753 247 1790; x_wconf 90' lang='lat' dir='ltr'>esu</span> <span class='ocrx_word' id='word_1_162' title='bbox 301 1754 336 1788; x_wconf 90' lang='lat' dir='ltr'>rs</span> <span class='ocrx_word' id='word_1_163' title='bbox 359 1775 366 1790; x_wconf 93' lang='lat'>.</span> <span class='ocrx_word' id='word_1_164' title='bbox 990 1757 994 1772; x_wconf 90' lang='lat'><strong>·</strong></span> 
     </span>
    </p>
   </div>
   <div class='ocr_carea' id='block_1_9' title="bbox 186 1815 1271 2443">
    <p class='ocr_par' dir='ltr' id='par_1_10' title="bbox 188 1815 1256 1947">
     <span class='ocr_line' id='line_1_22' title="bbox 221 1815 1256 1882; baseline 0.005 -19"><span class='ocrx_word' id='word_1_165' title='bbox 221 1816 394 1877; x_wconf 74' lang='lat' dir='ltr'>sanctificans.</span> <span class='ocrx_word' id='word_1_166' title='bbox 410 1815 454 1866; x_wconf 83' lang='lat' dir='ltr'>Gr.</span> <span class='ocrx_word' id='word_1_167' title='bbox 464 1816 609 1869; x_wconf 78' lang='lat' dir='ltr'>sacrificans</span> <span class='ocrx_word' id='word_1_168' title='bbox 626 1818 793 1881; x_wconf 65' lang='lat' dir='ltr'>scanciarum</span> <span class='ocrx_word' id='word_1_169' title='bbox 802 1819 863 1881; x_wconf 79' lang='lat' dir='ltr'>Det,</span> <span class='ocrx_word' id='word_1_170' title='bbox 872 1831 918 1870; x_wconf 89' lang='lat' dir='ltr'>seu</span> <span class='ocrx_word' id='word_1_171' title='bbox 933 1821 1095 1870; x_wconf 86' lang='lat' dir='ltr'>consecratus</span> <span class='ocrx_word' id='word_1_172' title='bbox 1105 1831 1153 1882; x_wconf 84' lang='lat' dir='ltr'>per</span> <span class='ocrx_word' id='word_1_173' title='bbox 1166 1821 1256 1882; x_wconf 79' lang='lat' dir='ltr'>pradi-</span> 
     </span>
     <span class='ocr_line' id='line_1_23' title="bbox 188 1885 463 1947; baseline 0 -13"><span class='ocrx_word' id='word_1_174' title='bbox 188 1887 315 1935; x_wconf 81' lang='lat' dir='ltr'>cationem</span> <span class='ocrx_word' id='word_1_175' title='bbox 326 1885 463 1947; x_wconf 81' lang='lat' dir='ltr'>Evangelii.</span> 
     </span>
    </p>

    <p class='ocr_par' dir='ltr' id='par_1_11' title="bbox 188 1960 1271 2156">
     <span class='ocr_line' id='line_1_24' title="bbox 222 1960 1255 2026; baseline 0.003 -17"><span class='ocrx_word' id='word_1_176' title='bbox 222 1962 252 2010; x_wconf 79' lang='lat' dir='ltr'>ui</span> <span class='ocrx_word' id='word_1_177' title='bbox 266 1962 313 2023; x_wconf 73' lang='lat' dir='ltr'>fiat</span> <span class='ocrx_word' id='word_1_178' title='bbox 322 1960 417 2009; x_wconf 81' lang='lat' dir='ltr'>citatio</span> <span class='ocrx_word' id='word_1_179' title='bbox 432 1961 574 2011; x_wconf 81' lang='lat' dir='ltr'>Gentium...</span> <span class='ocrx_word' id='word_1_180' title='bbox 586 1960 676 2021; x_wconf 86' lang='lat' dir='ltr'>idest,</span> <span class='ocrx_word' id='word_1_181' title='bbox 691 1963 720 2010; x_wconf 90' lang='lat' dir='ltr'>ut</span> <span class='ocrx_word' id='word_1_182' title='bbox 737 1961 901 2012; x_wconf 85' lang='lat' dir='ltr'>Gentilismus</span> <span class='ocrx_word' id='word_1_183' title='bbox 914 1963 952 2012; x_wconf 87' lang='lat' dir='ltr'>sic</span> <span class='ocrx_word' id='word_1_184' title='bbox 964 1962 1129 2026; x_wconf 74' lang='lat' dir='ltr'>spiritualiter</span> <span class='ocrx_word' id='word_1_185' title='bbox 1145 1964 1255 2023; x_wconf 66' lang='lat' dir='ltr'>Evange</span> 
     </span>
     <span class='ocr_line' id='line_1_25' title="bbox 188 2026 1253 2096; baseline 0.001 -18"><span class='ocrx_word' id='word_1_186' title='bbox 188 2026 238 2078; x_wconf 81' lang='lat' dir='ltr'>lici</span> <span class='ocrx_word' id='word_1_187' title='bbox 256 2030 433 2092; x_wconf 73' lang='lat' dir='ltr'>predicatione</span> <span class='ocrx_word' id='word_1_188' title='bbox 451 2035 592 2092; x_wconf 86' lang='lat' dir='ltr'>mactatus,</span> <span class='ocrx_word' id='word_1_189' title='bbox 608 2030 654 2080; x_wconf 88' lang='lat' dir='ltr'>dat</span> <span class='ocrx_word' id='word_1_190' title='bbox 666 2029 759 2084; x_wconf 87' lang='lat' dir='ltr'>oblatio</span> <span class='ocrx_word' id='word_1_191' title='bbox 773 2032 822 2081; x_wconf 86' lang='lat' dir='ltr'>lieo</span> <span class='ocrx_word' id='word_1_192' title='bbox 840 2032 1055 2095; x_wconf 84' lang='lat' dir='ltr'>accepia,Sancti</span> <span class='ocrx_word' id='word_1_193' title='bbox 1073 2031 1185 2096; x_wconf 80' lang='lat' dir='ltr'>Spiritus</span> <span class='ocrx_word' id='word_1_194' title='bbox 1203 2036 1253 2093; x_wconf 70' lang='lat' dir='ltr'>igne</span> 
     </span>
     <span class='ocr_line' id='line_1_26' title="bbox 188 2101 1271 2156; baseline 0.007 -8"><span class='ocrx_word' id='word_1_195' title='bbox 188 2101 378 2150; x_wconf 83' lang='lat' dir='ltr'>sanctificataet</span> <span class='ocrx_word' id='word_1_196' title='bbox 390 2103 503 2150; x_wconf 86' lang='lat' dir='ltr'>incensa.</span> <span class='ocrx_word' id='word_1_197' title='bbox 1270 2141 1271 2156; x_wconf 70' lang='grc'><strong>.</strong></span> 
     </span>
    </p>

    <p class='ocr_par' dir='ltr' id='par_1_12' title="bbox 186 2157 1271 2443">
     <span class='ocr_line' id='line_1_27' title="bbox 219 2157 1271 2232; baseline 0.001 -14"><span class='ocrx_word' id='word_1_198' title='bbox 219 2169 306 2232; x_wconf 90' lang='lat' dir='ltr'>ltaque</span> <span class='ocrx_word' id='word_1_199' title='bbox 314 2170 343 2221; x_wconf 87' lang='lat' dir='ltr'>li.</span> <span class='ocrx_word' id='word_1_200' title='bbox 355 2169 447 2220; x_wconf 80' lang='lat' dir='ltr'>Pauim</span> <span class='ocrx_word' id='word_1_201' title='bbox 457 2172 500 2220; x_wconf 91' lang='lat' dir='ltr'>hic</span> <span class='ocrx_word' id='word_1_202' title='bbox 511 2169 631 2220; x_wconf 89' lang='lat' dir='ltr'>Gentium</span> <span class='ocrx_word' id='word_1_203' title='bbox 645 2173 835 2222; x_wconf 84' lang='lat' dir='ltr'>conversionem</span> <span class='ocrx_word' id='word_1_204' title='bbox 847 2171 946 2222; x_wconf 80' lang='lat' dir='ltr'>exhibet</span> <span class='ocrx_word' id='word_1_205' title='bbox 958 2170 1028 2222; x_wconf 90' lang='lat' dir='ltr'>velut</span> <span class='ocrx_word' id='word_1_206' title='bbox 1036 2170 1192 2222; x_wconf 80' lang='lat' dir='ltr'>sucrificium</span> <span class='ocrx_word' id='word_1_207' title='bbox 1206 2185 1252 2220; x_wconf 80' lang='lat' dir='ltr'>nic</span> <span class='ocrx_word' id='word_1_208' title='bbox 1270 2157 1271 2220; x_wconf 77' lang='lat' dir='ltr'>i</span> 
     </span>
     <span class='ocr_line' id='line_1_28' title="bbox 186 2239 1270 2329; baseline 0.001 -41"><span class='ocrx_word' id='word_1_209' title='bbox 186 2239 348 2301; x_wconf 88' lang='lat' dir='ltr'>taphcricnm</span> <span class='ocrx_word' id='word_1_210' title='bbox 359 2261 367 2302; x_wconf 79' lang='lat' dir='ltr'>i</span> <span class='ocrx_word' id='word_1_211' title='bbox 379 2243 406 2290; x_wconf 92' lang='lat' dir='ltr'>in</span> <span class='ocrx_word' id='word_1_212' title='bbox 427 2254 477 2303; x_wconf 78' lang='lat' dir='ltr'>cuo</span> <span class='ocrx_word' id='word_1_213' title='bbox 496 2240 600 2302; x_wconf 89' lang='lat' dir='ltr'>quidem</span> <span class='ocrx_word' id='word_1_214' title='bbox 619 2241 759 2301; x_wconf 84' lang='lat' dir='ltr'>sacrificio,</span> <span class='ocrx_word' id='word_1_215' title='bbox 772 2244 824 2303; x_wconf 92' lang='lat' dir='ltr'>ipse</span> <span class='ocrx_word' id='word_1_216' title='bbox 842 2242 937 2292; x_wconf 90' lang='lat' dir='ltr'>Paulus</span> <span class='ocrx_word' id='word_1_217' title='bbox 953 2242 1069 2293; x_wconf 86' lang='lat' dir='ltr'>sacerdos</span> <span class='ocrx_word' id='word_1_218' title='bbox 1082 2247 1139 2304; x_wconf 69' lang='lat' dir='ltr'>est,</span> <span class='ocrx_word' id='word_1_219' title='bbox 1154 2246 1252 2291; x_wconf 81' lang='lat' dir='ltr'>victima</span> <span class='ocrx_word' id='word_1_220' title='bbox 1269 2270 1270 2329; x_wconf 76' lang='lat' dir='ltr'>i</span> 
     </span>
     <span class='ocr_line' id='line_1_29' title="bbox 188 2309 1252 2375; baseline -0.003 -16"><span class='ocrx_word' id='word_1_221' title='bbox 188 2309 294 2371; x_wconf 86' lang='lat' dir='ltr'>Gentes,</span> <span class='ocrx_word' id='word_1_222' title='bbox 306 2314 462 2361; x_wconf 85' lang='lat' dir='ltr'>consecratio</span> <span class='ocrx_word' id='word_1_223' title='bbox 477 2310 918 2375; x_wconf 71' lang='lat' dir='ltr'>victimae,praedicntioEvangeli13</span> <span class='ocrx_word' id='word_1_224' title='bbox 930 2312 1055 2373; x_wconf 84' lang='lat' dir='ltr'>ignisque</span> <span class='ocrx_word' id='word_1_225' title='bbox 1067 2312 1173 2361; x_wconf 89' lang='lat' dir='ltr'>victima</span> <span class='ocrx_word' id='word_1_226' title='bbox 1185 2324 1252 2359; x_wconf 88' lang='lat' dir='ltr'>com-</span> 
     </span>
     <span class='ocr_line' id='line_1_30' title="bbox 188 2368 1269 2443; baseline 0.007 -16"><span class='ocrx_word' id='word_1_227' title='bbox 188 2377 425 2443; x_wconf 88' lang='lat' dir='ltr'>buritur,Spiritns</span> <span class='ocrx_word' id='word_1_228' title='bbox 435 2381 554 2431; x_wconf 87' lang='lat' dir='ltr'>Sanctus.</span> <span class='ocrx_word' id='word_1_229' title='bbox 1268 2368 1269 2435; x_wconf 72' lang='lat' dir='ltr'>l</span> 
     </span>
    </p>
   </div>
   <div class='ocr_carea' id='block_1_10' title="bbox 187 2461 1268 3007">
    <p class='ocr_par' dir='ltr' id='par_1_13' title="bbox 187 2456 1268 2662">
     <span class='ocr_line' id='line_1_31' title="bbox 219 2461 1268 2543; baseline -0.003 -32"><span class='ocrx_word' id='word_1_230' title='bbox 219 2461 377 2513; x_wconf 73' lang='lat' dir='ltr'>oneraveris</span> <span class='ocrx_word' id='word_1_231' title='bbox 391 2474 509 2513; x_wconf 76' lang='lat' dir='ltr'>nonanis.</span> <span class='ocrx_word' id='word_1_232' title='bbox 529 2464 594 2524; x_wconf 75' lang='lat' dir='ltr'>Ergo</span> <span class='ocrx_word' id='word_1_233' title='bbox 604 2462 789 2523; x_wconf 80' lang='lat' dir='ltr'>evangelizare,</span> <span class='ocrx_word' id='word_1_234' title='bbox 801 2462 952 2524; x_wconf 79' lang='lat' dir='ltr'>predicare,</span> <span class='ocrx_word' id='word_1_235' title='bbox 969 2464 1006 2511; x_wconf 87' lang='lat' dir='ltr'>est</span> <span class='ocrx_word' id='word_1_236' title='bbox 1023 2462 1177 2513; x_wconf 75' lang='lat' dir='ltr'>sacrificare.</span> <span class='ocrx_word' id='word_1_237' title='bbox 1188 2463 1251 2511; x_wconf 84' lang='lat' dir='ltr'>Con-</span> <span class='ocrx_word' id='word_1_238' title='bbox 1267 2462 1268 2543; x_wconf 61' lang='lat' dir='ltr'>i</span> 
     </span>
     <span class='ocr_line' id='line_1_32' title="bbox 188 2531 1249 2593; baseline 0 -14"><span class='ocrx_word' id='word_1_239' title='bbox 188 2532 302 2581; x_wconf 89' lang='lat' dir='ltr'>eionator</span> <span class='ocrx_word' id='word_1_240' title='bbox 317 2538 355 2582; x_wconf 88' lang='lat' dir='ltr'>cst</span> <span class='ocrx_word' id='word_1_241' title='bbox 369 2533 501 2590; x_wconf 86' lang='lat' dir='ltr'>sacerdos,</span> <span class='ocrx_word' id='word_1_242' title='bbox 514 2531 584 2581; x_wconf 90' lang='lat' dir='ltr'>labor</span> <span class='ocrx_word' id='word_1_243' title='bbox 599 2531 768 2581; x_wconf 89' lang='lat' dir='ltr'>concionandi</span> <span class='ocrx_word' id='word_1_244' title='bbox 787 2534 859 2592; x_wconf 85' lang='lat' dir='ltr'>quasi</span> <span class='ocrx_word' id='word_1_245' title='bbox 882 2533 1052 2593; x_wconf 70' lang='lat' dir='ltr'>consecratio,</span> <span class='ocrx_word' id='word_1_246' title='bbox 1066 2532 1179 2583; x_wconf 83' lang='lat' dir='ltr'>victimae</span> <span class='ocrx_word' id='word_1_247' title='bbox 1196 2536 1249 2580; x_wconf 87' lang='lat' dir='ltr'>suni</span> 
     </span>
     <span class='ocr_line' id='line_1_33' title="bbox 187 2564 1267 2662; baseline 0.003 -14"><span class='ocrx_word' id='word_1_248' title='bbox 187 2600 334 2650; x_wconf 90' lang='lat' dir='ltr'>auditorum</span> <span class='ocrx_word' id='word_1_249' title='bbox 346 2603 457 2661; x_wconf 74' lang='lat' dir='ltr'>anime,</span> <span class='ocrx_word' id='word_1_250' title='bbox 468 2603 582 2662; x_wconf 86' lang='lat' dir='ltr'>ipsarum</span> <span class='ocrx_word' id='word_1_251' title='bbox 593 2602 724 2649; x_wconf 86' lang='lat' dir='ltr'>conversio</span> <span class='ocrx_word' id='word_1_252' title='bbox 737 2600 889 2649; x_wconf 83' lang='lat' dir='ltr'>sacrificium</span> <span class='ocrx_word' id='word_1_253' title='bbox 903 2605 950 2649; x_wconf 89' lang='lat' dir='ltr'>est.</span> <span class='ocrx_word' id='word_1_254' title='bbox 1265 2564 1267 2651; x_wconf 61' lang='lat' dir='ltr'>i</span> 
     </span>
    </p>

    <p class='ocr_par' dir='ltr' id='par_1_14' title="bbox 187 2668 1247 3007">
     <span class='ocr_line' id='line_1_34' title="bbox 219 2668 1246 2730; baseline 0.001 -14"><span class='ocrx_word' id='word_1_255' title='bbox 219 2668 306 2718; x_wconf 81' lang='lat' dir='ltr'>Videat</span> <span class='ocrx_word' id='word_1_256' title='bbox 319 2673 403 2729; x_wconf 81' lang='lat' dir='ltr'>itaque</span> <span class='ocrx_word' id='word_1_257' title='bbox 416 2668 644 2728; x_wconf 73' lang='lat' dir='ltr'>concionatorem</span> <span class='ocrx_word' id='word_1_258' title='bbox 660 2670 785 2729; x_wconf 85' lang='lat' dir='ltr'>puritate,</span> <span class='ocrx_word' id='word_1_259' title='bbox 800 2673 825 2718; x_wconf 89' lang='lat' dir='ltr'>et</span> <span class='ocrx_word' id='word_1_260' title='bbox 838 2668 958 2730; x_wconf 81' lang='lat' dir='ltr'>religione</span> <span class='ocrx_word' id='word_1_261' title='bbox 972 2672 997 2717; x_wconf 90' lang='lat' dir='ltr'>et</span> <span class='ocrx_word' id='word_1_262' title='bbox 1016 2681 1067 2729; x_wconf 88' lang='lat' dir='ltr'>quo</span> <span class='ocrx_word' id='word_1_263' title='bbox 1082 2669 1168 2719; x_wconf 85' lang='lat' dir='ltr'>studio</span> <span class='ocrx_word' id='word_1_264' title='bbox 1180 2683 1246 2718; x_wconf 70' lang='lat' dir='ltr'>sunia</span> 
     </span>
     <span class='ocr_line' id='line_1_35' title="bbox 187 2734 1246 2799; baseline 0.001 -13"><span class='ocrx_word' id='word_1_265' title='bbox 187 2740 290 2799; x_wconf 79' lang='lat' dir='ltr'>peragat</span> <span class='ocrx_word' id='word_1_266' title='bbox 302 2738 490 2794; x_wconf 66' lang='lat' dir='ltr'>ministerium</span> <span class='ocrx_word' id='word_1_267' title='bbox 504 2749 557 2785; x_wconf 80' lang='lat' dir='ltr'>sese</span> <span class='ocrx_word' id='word_1_268' title='bbox 575 2735 608 2784; x_wconf 85' lang='lat' dir='ltr'>ad</span> <span class='ocrx_word' id='word_1_269' title='bbox 627 2734 691 2783; x_wconf 91' lang='lat' dir='ltr'>iilud</span> <span class='ocrx_word' id='word_1_270' title='bbox 708 2741 831 2797; x_wconf 82' lang='lat' dir='ltr'>praeparet</span> <span class='ocrx_word' id='word_1_271' title='bbox 847 2738 919 2798; x_wconf 82' lang='lat' dir='ltr'>quast</span> <span class='ocrx_word' id='word_1_272' title='bbox 933 2735 1122 2786; x_wconf 79' lang='lat' dir='ltr'>sacrificaturus</span> <span class='ocrx_word' id='word_1_273' title='bbox 1136 2756 1143 2786; x_wconf 72' lang='grc' dir='ltr'><strong>ι</strong></span> <span class='ocrx_word' id='word_1_274' title='bbox 1159 2744 1183 2786; x_wconf 87' lang='lat' dir='ltr'>ei</span> <span class='ocrx_word' id='word_1_275' title='bbox 1194 2742 1246 2798; x_wconf 77' lang='lat' dir='ltr'>qnia</span> 
     </span>
     <span class='ocr_line' id='line_1_36' title="bbox 188 2803 1246 2869; baseline 0 -14"><span class='ocrx_word' id='word_1_276' title='bbox 188 2806 332 2855; x_wconf 83' lang='lat' dir='ltr'>animarum</span> <span class='ocrx_word' id='word_1_277' title='bbox 347 2806 520 2864; x_wconf 84' lang='lat' dir='ltr'>consecratio,</span> <span class='ocrx_word' id='word_1_278' title='bbox 537 2817 582 2853; x_wconf 90' lang='lat' dir='ltr'>scu</span> <span class='ocrx_word' id='word_1_279' title='bbox 597 2803 765 2853; x_wconf 77' lang='lat' dir='ltr'>sanctificatio</span> <span class='ocrx_word' id='word_1_280' title='bbox 782 2809 820 2853; x_wconf 89' lang='lat' dir='ltr'>est</span> <span class='ocrx_word' id='word_1_281' title='bbox 837 2805 1023 2869; x_wconf 68' lang='lat' dir='ltr'>predicationis</span> <span class='ocrx_word' id='word_1_282' title='bbox 1037 2805 1097 2855; x_wconf 85' lang='lat' dir='ltr'>duis</span> <span class='ocrx_word' id='word_1_283' title='bbox 1106 2826 1115 2866; x_wconf 91' lang='lat'>;</span> <span class='ocrx_word' id='word_1_284' title='bbox 1133 2807 1246 2869; x_wconf 83' lang='lat' dir='ltr'>spiritam</span> 
     </span>
     <span class='ocr_line' id='line_1_37' title="bbox 188 2873 1247 2941; baseline 0.001 -18"><span class='ocrx_word' id='word_1_285' title='bbox 188 2875 310 2923; x_wconf 83' lang='lat' dir='ltr'>Sanctum</span> <span class='ocrx_word' id='word_1_286' title='bbox 320 2873 437 2922; x_wconf 84' lang='lat' dir='ltr'>ardenter</span> <span class='ocrx_word' id='word_1_287' title='bbox 450 2877 476 2921; x_wconf 90' lang='lat' dir='ltr'>et</span> <span class='ocrx_word' id='word_1_288' title='bbox 485 2874 586 2924; x_wconf 78' lang='lat' dir='ltr'>assidue</span> <span class='ocrx_word' id='word_1_289' title='bbox 597 2876 760 2925; x_wconf 90' lang='lat' dir='ltr'>concionator</span> <span class='ocrx_word' id='word_1_290' title='bbox 770 2876 871 2925; x_wconf 90' lang='lat' dir='ltr'>invocet</span> <span class='ocrx_word' id='word_1_291' title='bbox 883 2888 996 2937; x_wconf 88' lang='lat' dir='ltr'>superse</span> <span class='ocrx_word' id='word_1_292' title='bbox 1006 2878 1155 2941; x_wconf 85' lang='lat' dir='ltr'>ministrum</span> <span class='ocrx_word' id='word_1_293' title='bbox 1164 2914 1172 2938; x_wconf 97' lang='lat'>,</span> <span class='ocrx_word' id='word_1_294' title='bbox 1180 2884 1204 2926; x_wconf 90' lang='lat' dir='ltr'>ci</span> <span class='ocrx_word' id='word_1_295' title='bbox 1214 2892 1247 2925; x_wconf 77' lang='lat' dir='ltr'>sn·</span> 
     </span>
     <span class='ocr_line' id='line_1_38' title="bbox 187 2942 1037 3007; baseline 0.002 -14"><span class='ocrx_word' id='word_1_296' title='bbox 187 2954 233 3007; x_wconf 87' lang='lat' dir='ltr'>per</span> <span class='ocrx_word' id='word_1_297' title='bbox 242 2942 389 2993; x_wconf 84' lang='lat' dir='ltr'>auditorum</span> <span class='ocrx_word' id='word_1_298' title='bbox 400 2942 475 2993; x_wconf 85' lang='lat' dir='ltr'>corda</span> <span class='ocrx_word' id='word_1_299' title='bbox 486 2980 493 3003; x_wconf 95' lang='lat'>,</span> <span class='ocrx_word' id='word_1_300' title='bbox 503 2947 625 3004; x_wconf 88' lang='lat' dir='ltr'>tanquam</span> <span class='ocrx_word' id='word_1_301' title='bbox 637 2946 770 2995; x_wconf 85' lang='lat' dir='ltr'>victimam</span> <span class='ocrx_word' id='word_1_302' title='bbox 782 2945 831 2995; x_wconf 81' lang='lat' dir='ltr'>lieo</span> <span class='ocrx_word' id='word_1_303' title='bbox 844 2945 1037 2998; x_wconf 87' lang='lat' dir='ltr'>immolandam.</span> 
     </span>
    </p>
   </div>
   <div class='ocr_carea' id='block_1_11' title="bbox 187 3025 1245 4019">
    <p class='ocr_par' dir='ltr' id='par_1_15' title="bbox 187 3025 1245 3227">
     <span class='ocr_line' id='line_1_39' title="bbox 218 3025 1245 3090; baseline -0.001 -13"><span class='ocrx_word' id='word_1_304' title='bbox 218 3025 376 3077; x_wconf 78' lang='lat' dir='ltr'>Onssnvsrro</span> <span class='ocrx_word' id='word_1_305' title='bbox 388 3037 561 3076; x_wconf 77' lang='lat' dir='ltr'>nocramanrs.</span> <span class='ocrx_word' id='word_1_306' title='bbox 577 3026 607 3075; x_wconf 87' lang='lat' dir='ltr'>li.</span> <span class='ocrx_word' id='word_1_307' title='bbox 619 3025 712 3076; x_wconf 88' lang='lat' dir='ltr'>Paulus</span> <span class='ocrx_word' id='word_1_308' title='bbox 722 3027 927 3090; x_wconf 81' lang='lat' dir='ltr'>pradicationem</span> <span class='ocrx_word' id='word_1_309' title='bbox 940 3028 1113 3090; x_wconf 80' lang='lat' dir='ltr'>metaphorice</span> <span class='ocrx_word' id='word_1_310' title='bbox 1126 3034 1198 3079; x_wconf 86' lang='lat' dir='ltr'>vocat</span> <span class='ocrx_word' id='word_1_311' title='bbox 1212 3044 1245 3077; x_wconf 67' lang='lat' dir='ltr'>sna</span> 
     </span>
     <span class='ocr_line' id='line_1_40' title="bbox 187 3096 1243 3161; baseline 0.001 -13"><span class='ocrx_word' id='word_1_312' title='bbox 187 3097 402 3158; x_wconf 89' lang='lat' dir='ltr'>cridcium,sicnt</span> <span class='ocrx_word' id='word_1_313' title='bbox 415 3109 470 3160; x_wconf 85' lang='lat' dir='ltr'>cap.</span> <span class='ocrx_word' id='word_1_314' title='bbox 484 3099 521 3145; x_wconf 80' lang='grc'>12.</span> <span class='ocrx_word' id='word_1_315' title='bbox 534 3108 638 3159; x_wconf 87' lang='lat' dir='ltr'>corpora</span> <span class='ocrx_word' id='word_1_316' title='bbox 647 3100 732 3145; x_wconf 89' lang='lat' dir='ltr'>nostra</span> <span class='ocrx_word' id='word_1_317' title='bbox 744 3098 843 3147; x_wconf 91' lang='lat' dir='ltr'>vocavit</span> <span class='ocrx_word' id='word_1_318' title='bbox 856 3096 966 3147; x_wconf 85' lang='lat' dir='ltr'>bostiam</span> <span class='ocrx_word' id='word_1_319' title='bbox 975 3098 1053 3159; x_wconf 87' lang='lat' dir='ltr'>;aiibi</span> <span class='ocrx_word' id='word_1_320' title='bbox 1066 3097 1243 3161; x_wconf 73' lang='lat' dir='ltr'>eleemosynarii</span> 
     </span>
     <span class='ocr_line' id='line_1_41' title="bbox 187 3166 1015 3227; baseline 0 -10"><span class='ocrx_word' id='word_1_321' title='bbox 187 3172 261 3219; x_wconf 87' lang='lat' dir='ltr'>vocat</span> <span class='ocrx_word' id='word_1_322' title='bbox 271 3168 423 3219; x_wconf 80' lang='lat' dir='ltr'>sacrificium</span> <span class='ocrx_word' id='word_1_323' title='bbox 432 3206 439 3227; x_wconf 97' lang='lat'>,</span> <span class='ocrx_word' id='word_1_324' title='bbox 449 3169 515 3217; x_wconf 87' lang='lat' dir='ltr'>sicut</span> <span class='ocrx_word' id='word_1_325' title='bbox 529 3168 606 3215; x_wconf 86' lang='lat' dir='ltr'>etiam</span> <span class='ocrx_word' id='word_1_326' title='bbox 617 3168 736 3216; x_wconf 84' lang='lat' dir='ltr'>contritio</span> <span class='ocrx_word' id='word_1_327' title='bbox 747 3166 840 3215; x_wconf 88' lang='lat' dir='ltr'>dicitur</span> <span class='ocrx_word' id='word_1_328' title='bbox 851 3166 1015 3217; x_wconf 66' lang='lat' dir='ltr'>sacrificinm.</span> 
     </span>
    </p>

    <p class='ocr_par' dir='ltr' id='par_1_16' title="bbox 187 3235 1245 3442">
     <span class='ocr_line' id='line_1_42' title="bbox 217 3235 1245 3299; baseline 0.001 -11"><span class='ocrx_word' id='word_1_329' title='bbox 217 3237 250 3288; x_wconf 78' lang='lat' dir='ltr'>tt</span> <span class='ocrx_word' id='word_1_330' title='bbox 258 3242 361 3288; x_wconf 89' lang='lat' dir='ltr'>tantum</span> <span class='ocrx_word' id='word_1_331' title='bbox 376 3238 445 3287; x_wconf 88' lang='lat' dir='ltr'>abest</span> <span class='ocrx_word' id='word_1_332' title='bbox 458 3241 487 3285; x_wconf 91' lang='lat' dir='ltr'>ut</span> <span class='ocrx_word' id='word_1_333' title='bbox 498 3236 551 3285; x_wconf 75' lang='lat' dir='ltr'>hac</span> <span class='ocrx_word' id='word_1_334' title='bbox 563 3236 735 3298; x_wconf 85' lang='lat' dir='ltr'>metaphorica</span> <span class='ocrx_word' id='word_1_335' title='bbox 747 3235 986 3297; x_wconf 80' lang='lat' dir='ltr'>sacriflcianegent,</span> <span class='ocrx_word' id='word_1_336' title='bbox 995 3236 1111 3299; x_wconf 82' lang='lat' dir='ltr'>quinimo</span> <span class='ocrx_word' id='word_1_337' title='bbox 1122 3238 1245 3289; x_wconf 83' lang='lat' dir='ltr'>stabiliunt</span> 
     </span>
     <span class='ocr_line' id='line_1_43' title="bbox 187 3302 1245 3369; baseline -0.003 -11"><span class='ocrx_word' id='word_1_338' title='bbox 187 3314 213 3358; x_wconf 89' lang='lat' dir='ltr'>ct</span> <span class='ocrx_word' id='word_1_339' title='bbox 224 3309 377 3359; x_wconf 73' lang='lat' dir='ltr'>confirmant</span> <span class='ocrx_word' id='word_1_340' title='bbox 385 3310 439 3358; x_wconf 89' lang='lat' dir='ltr'>vert</span> <span class='ocrx_word' id='word_1_341' title='bbox 452 3307 571 3357; x_wconf 79' lang='lat' dir='ltr'>sacrificii</span> <span class='ocrx_word' id='word_1_342' title='bbox 582 3309 609 3355; x_wconf 92' lang='lat' dir='ltr'>in</span> <span class='ocrx_word' id='word_1_343' title='bbox 618 3306 731 3355; x_wconf 89' lang='lat' dir='ltr'>Ecclesia</span> <span class='ocrx_word' id='word_1_344' title='bbox 742 3308 874 3355; x_wconf 87' lang='lat' dir='ltr'>veritatem</span> <span class='ocrx_word' id='word_1_345' title='bbox 886 3321 892 3355; x_wconf 75' lang='grc' dir='ltr'>ι</span> <span class='ocrx_word' id='word_1_346' title='bbox 906 3308 973 3355; x_wconf 89' lang='lat' dir='ltr'>sicut</span> <span class='ocrx_word' id='word_1_347' title='bbox 982 3306 1132 3369; x_wconf 86' lang='lat' dir='ltr'>metaphora</span> <span class='ocrx_word' id='word_1_348' title='bbox 1142 3322 1191 3357; x_wconf 88' lang='lat' dir='ltr'>non</span> <span class='ocrx_word' id='word_1_349' title='bbox 1203 3302 1245 3355; x_wconf 57' lang='lat' dir='ltr'>nii*¹</span> 
     </span>
     <span class='ocr_line' id='line_1_44' title="bbox 188 3375 1241 3442; baseline -0.003 -15"><span class='ocrx_word' id='word_1_350' title='bbox 188 3381 262 3438; x_wconf 89' lang='lat' dir='ltr'>nuit,</span> <span class='ocrx_word' id='word_1_351' title='bbox 278 3377 321 3427; x_wconf 87' lang='lat' dir='ltr'>sed</span> <span class='ocrx_word' id='word_1_352' title='bbox 333 3377 468 3427; x_wconf 82' lang='lat' dir='ltr'>confirmat</span> <span class='ocrx_word' id='word_1_353' title='bbox 477 3379 502 3425; x_wconf 91' lang='lat' dir='ltr'>et</span> <span class='ocrx_word' id='word_1_354' title='bbox 511 3380 586 3436; x_wconf 78' lang='lat' dir='ltr'>auget</span> <span class='ocrx_word' id='word_1_355' title='bbox 595 3378 632 3425; x_wconf 87' lang='lat' dir='ltr'>rei</span> <span class='ocrx_word' id='word_1_356' title='bbox 642 3413 649 3435; x_wconf 99' lang='lat'>,</span> <span class='ocrx_word' id='word_1_357' title='bbox 661 3375 729 3424; x_wconf 90' lang='lat' dir='ltr'>unde</span> <span class='ocrx_word' id='word_1_358' title='bbox 743 3377 870 3437; x_wconf 88' lang='lat' dir='ltr'>snmltnr,</span> <span class='ocrx_word' id='word_1_359' title='bbox 880 3377 1022 3425; x_wconf 84' lang='lat' dir='ltr'>veritatem.</span> <span class='ocrx_word' id='word_1_360' title='bbox 1239 3423 1241 3442; x_wconf 59' lang='grc'>,</span> 
     </span>
    </p>

    <p class='ocr_par' dir='ltr' id='par_1_17' title="bbox 189 3444 1241 3580">
     <span class='ocr_line' id='line_1_45' title="bbox 217 3444 1241 3516; baseline -0.004 -19"><span class='ocrx_word' id='word_1_361' title='bbox 217 3448 263 3497; x_wconf 86' lang='lat' dir='ltr'>Est</span> <span class='ocrx_word' id='word_1_362' title='bbox 274 3449 351 3509; x_wconf 78' lang='lat' dir='ltr'>igitur</span> <span class='ocrx_word' id='word_1_363' title='bbox 362 3449 390 3496; x_wconf 89' lang='lat' dir='ltr'>in</span> <span class='ocrx_word' id='word_1_364' title='bbox 403 3445 516 3496; x_wconf 88' lang='lat' dir='ltr'>Ecclesia</span> <span class='ocrx_word' id='word_1_365' title='bbox 531 3458 591 3494; x_wconf 88' lang='lat' dir='ltr'>vera</span> <span class='ocrx_word' id='word_1_366' title='bbox 604 3444 715 3506; x_wconf 81' lang='lat' dir='ltr'>liturgia,</span> <span class='ocrx_word' id='word_1_367' title='bbox 725 3456 784 3495; x_wconf 89' lang='lat' dir='ltr'>vera</span> <span class='ocrx_word' id='word_1_368' title='bbox 793 3444 895 3505; x_wconf 89' lang='lat' dir='ltr'>oblatio,</span> <span class='ocrx_word' id='word_1_369' title='bbox 904 3457 993 3497; x_wconf 86' lang='lat' dir='ltr'>verum</span> <span class='ocrx_word' id='word_1_370' title='bbox 1007 3444 1162 3496; x_wconf 84' lang='lat' dir='ltr'>sacrificinm</span> <span class='ocrx_word' id='word_1_371' title='bbox 1173 3486 1180 3508; x_wconf 96' lang='lat'>,</span> <span class='ocrx_word' id='word_1_372' title='bbox 1193 3460 1241 3516; x_wconf 79' lang='lat' dir='ltr'>ver¹</span> 
     </span>
     <span class='ocr_line' id='line_1_46' title="bbox 189 3515 883 3580; baseline -0.004 -12"><span class='ocrx_word' id='word_1_373' title='bbox 189 3519 286 3580; x_wconf 81' lang='lat' dir='ltr'>hostia;</span> <span class='ocrx_word' id='word_1_374' title='bbox 297 3516 365 3566; x_wconf 92' lang='lat' dir='ltr'>unde</span> <span class='ocrx_word' id='word_1_375' title='bbox 375 3516 404 3566; x_wconf 86' lang='lat' dir='ltr'>li.</span> <span class='ocrx_word' id='word_1_376' title='bbox 414 3516 507 3566; x_wconf 91' lang='lat' dir='ltr'>Paulus</span> <span class='ocrx_word' id='word_1_377' title='bbox 518 3515 565 3565; x_wconf 90' lang='lat' dir='ltr'>has</span> <span class='ocrx_word' id='word_1_378' title='bbox 577 3518 655 3564; x_wconf 80' lang='lat' dir='ltr'>traxit</span> <span class='ocrx_word' id='word_1_379' title='bbox 666 3516 834 3577; x_wconf 87' lang='lat' dir='ltr'>metaphoras.</span> <span class='ocrx_word' id='word_1_380' title='bbox 880 3552 883 3558; x_wconf 42' lang='lat'>.</span> 
     </span>
    </p>

    <p class='ocr_par' dir='ltr' id='par_1_18' title="bbox 187 3584 1244 3855">
     <span class='ocr_line' id='line_1_47' title="bbox 217 3584 1244 3650; baseline -0.007 -12"><span class='ocrx_word' id='word_1_381' title='bbox 217 3587 304 3650; x_wconf 79' lang='lat' dir='ltr'>inepte</span> <span class='ocrx_word' id='word_1_382' title='bbox 316 3586 394 3647; x_wconf 79' lang='lat' dir='ltr'>igitur</span> <span class='ocrx_word' id='word_1_383' title='bbox 415 3585 535 3636; x_wconf 79' lang='lat' dir='ltr'>Calvinus</span> <span class='ocrx_word' id='word_1_384' title='bbox 554 3585 615 3634; x_wconf 87' lang='lat' dir='ltr'>hinc</span> <span class='ocrx_word' id='word_1_385' title='bbox 632 3587 792 3635; x_wconf 81' lang='lat' dir='ltr'>occasionem</span> <span class='ocrx_word' id='word_1_386' title='bbox 808 3586 917 3648; x_wconf 84' lang='lat' dir='ltr'>sumpsit</span> <span class='ocrx_word' id='word_1_387' title='bbox 930 3597 1020 3635; x_wconf 85' lang='lat' dir='ltr'>verum</span> <span class='ocrx_word' id='word_1_388' title='bbox 1033 3587 1060 3635; x_wconf 92' lang='lat' dir='ltr'>in</span> <span class='ocrx_word' id='word_1_389' title='bbox 1080 3584 1193 3635; x_wconf 85' lang='lat' dir='ltr'>Ecclesia</span> <span class='ocrx_word' id='word_1_390' title='bbox 1206 3599 1244 3633; x_wconf 65' lang='lat' dir='ltr'>nas</span> 
     </span>
     <span class='ocr_line' id='line_1_48' title="bbox 188 3654 1238 3719; baseline -0.007 -11"><span class='ocrx_word' id='word_1_391' title='bbox 188 3658 263 3719; x_wconf 77' lang='lat' dir='ltr'>gandi</span> <span class='ocrx_word' id='word_1_392' title='bbox 278 3654 447 3715; x_wconf 83' lang='lat' dir='ltr'>sacridcinm;</span> <span class='ocrx_word' id='word_1_393' title='bbox 465 3660 490 3705; x_wconf 90' lang='lat' dir='ltr'>ei</span> <span class='ocrx_word' id='word_1_394' title='bbox 512 3657 618 3704; x_wconf 89' lang='lat' dir='ltr'>unicum</span> <span class='ocrx_word' id='word_1_395' title='bbox 633 3654 819 3716; x_wconf 77' lang='lat' dir='ltr'>predicationis</span> <span class='ocrx_word' id='word_1_396' title='bbox 837 3654 991 3705; x_wconf 84' lang='lat' dir='ltr'>sacrificium</span> <span class='ocrx_word' id='word_1_397' title='bbox 1007 3654 1151 3705; x_wconf 88' lang='lat' dir='ltr'>stabiliendi</span> <span class='ocrx_word' id='word_1_398' title='bbox 1161 3676 1168 3718; x_wconf 76' lang='lat'>5</span> <span class='ocrx_word' id='word_1_399' title='bbox 1180 3656 1238 3716; x_wconf 74' lang='lat' dir='ltr'>qiias&#39;</span> 
     </span>
     <span class='ocr_line' id='line_1_49' title="bbox 188 3722 1238 3788; baseline -0.004 -11"><span class='ocrx_word' id='word_1_400' title='bbox 188 3726 248 3777; x_wconf 85' lang='lat' dir='ltr'>verb</span> <span class='ocrx_word' id='word_1_401' title='bbox 257 3725 476 3788; x_wconf 76' lang='lat' dir='ltr'>mystimiustiiia</span> <span class='ocrx_word' id='word_1_402' title='bbox 484 3761 492 3784; x_wconf 94' lang='lat'>,</span> <span class='ocrx_word' id='word_1_403' title='bbox 499 3724 676 3773; x_wconf 83' lang='lat' dir='ltr'>misericordie</span> <span class='ocrx_word' id='word_1_404' title='bbox 685 3760 692 3785; x_wconf 92' lang='lat'>,</span> <span class='ocrx_word' id='word_1_405' title='bbox 701 3727 726 3773; x_wconf 88' lang='lat' dir='ltr'>et</span> <span class='ocrx_word' id='word_1_406' title='bbox 735 3723 818 3773; x_wconf 87' lang='lat' dir='ltr'>cordis</span> <span class='ocrx_word' id='word_1_407' title='bbox 829 3725 930 3773; x_wconf 90' lang='lat' dir='ltr'>contriti</span> <span class='ocrx_word' id='word_1_408' title='bbox 942 3722 1080 3785; x_wconf 80' lang='lat' dir='ltr'>sacrificia,</span> <span class='ocrx_word' id='word_1_409' title='bbox 1089 3736 1148 3785; x_wconf 79' lang='lat' dir='ltr'>quo</span> <span class='ocrx_word' id='word_1_410' title='bbox 1158 3728 1238 3787; x_wconf 77' lang='lat' dir='ltr'>passim</span> 
     </span>
     <span class='ocr_line' id='line_1_50' title="bbox 187 3790 1008 3855; baseline -0.001 -11"><span class='ocrx_word' id='word_1_411' title='bbox 187 3794 306 3855; x_wconf 76' lang='lat' dir='ltr'>leguntur</span> <span class='ocrx_word' id='word_1_412' title='bbox 320 3796 349 3845; x_wconf 83' lang='lat' dir='ltr'>tu</span> <span class='ocrx_word' id='word_1_413' title='bbox 363 3793 518 3854; x_wconf 84' lang='lat' dir='ltr'>Scripturis,</span> <span class='ocrx_word' id='word_1_414' title='bbox 529 3792 652 3844; x_wconf 76' lang='lat' dir='ltr'>sacrificia</span> <span class='ocrx_word' id='word_1_415' title='bbox 664 3795 761 3851; x_wconf 81' lang='lat' dir='ltr'>¹veteris</span> <span class='ocrx_word' id='word_1_416' title='bbox 776 3793 836 3855; x_wconf 83' lang='lat' dir='ltr'>legis</span> <span class='ocrx_word' id='word_1_417' title='bbox 851 3790 1008 3847; x_wconf 80' lang='lat' dir='ltr'>sustulerint.</span> 
     </span>
    </p>

    <p class='ocr_par' dir='ltr' id='par_1_19' title="bbox 189 3874 1236 4019">
     <span class='ocr_line' id='line_1_51' title="bbox 222 3874 1236 3939; baseline 0.003 -17"><span class='ocrx_word' id='word_1_418' title='bbox 222 3882 259 3923; x_wconf 83' lang='lat'>17.</span> <span class='ocrx_word' id='word_1_419' title='bbox 272 3876 356 3925; x_wconf 81' lang='lat' dir='ltr'>liabeo</span> <span class='ocrx_word' id='word_1_420' title='bbox 380 3877 460 3937; x_wconf 80' lang='lat' dir='ltr'>ipitur</span> <span class='ocrx_word' id='word_1_421' title='bbox 475 3875 624 3936; x_wconf 65' lang='lat' dir='ltr'>pieriam...</span> <span class='ocrx_word' id='word_1_422' title='bbox 644 3876 686 3925; x_wconf 88' lang='lat' dir='ltr'>Gr.</span> <span class='ocrx_word' id='word_1_423' title='bbox 701 3874 891 3937; x_wconf 83' lang='lat' dir='ltr'>gloriationem,</span> <span class='ocrx_word' id='word_1_424' title='bbox 909 3876 935 3926; x_wconf 90' lang='lat' dir='ltr'>id</span> <span class='ocrx_word' id='word_1_425' title='bbox 951 3881 1005 3937; x_wconf 90' lang='lat' dir='ltr'>est,</span> <span class='ocrx_word' id='word_1_426' title='bbox 1020 3876 1088 3927; x_wconf 85' lang='lat' dir='ltr'>uude</span> <span class='ocrx_word' id='word_1_427' title='bbox 1103 3877 1202 3939; x_wconf 82' lang='lat' dir='ltr'>glorier,</span> <span class='ocrx_word' id='word_1_428' title='bbox 1217 3878 1236 3925; x_wconf 81' lang='lat' dir='ltr'>ia</span> 
     </span>
     <span class='ocr_line' id='line_1_52' title="bbox 189 3944 1234 4019; baseline 0.002 -25"><span class='ocrx_word' id='word_1_429' title='bbox 189 3944 289 4004; x_wconf 55' lang='lat' dir='ltr'>§bruto</span> <span class='ocrx_word' id='word_1_430' title='bbox 299 3947 382 4009; x_wconf 46' lang='lat' dir='ltr'>‘opud</span> <span class='ocrx_word' id='word_1_431' title='bbox 397 3944 497 4007; x_wconf 69' lang='lat' dir='ltr'>diem,-</span> <span class='ocrx_word' id='word_1_432' title='bbox 509 3946 550 3995; x_wconf 78' lang='lat' dir='ltr'>eci</span> <span class='ocrx_word' id='word_1_433' title='bbox 562 3949 593 4007; x_wconf 77' lang='lat' dir='ltr'>tn</span> <span class='ocrx_word' id='word_1_434' title='bbox 606 3948 711 4009; x_wconf 80' lang='lat' dir='ltr'>tis-qua</span> <span class='ocrx_word' id='word_1_435' title='bbox 727 3948 834 4001; x_wconf 68' lang='lat' dir='ltr'>eumad</span> <span class='ocrx_word' id='word_1_436' title='bbox 847 3948 941 4019; x_wconf 35' lang='lat' dir='ltr'>,nanu</span> <span class='ocrx_word' id='word_1_437' title='bbox 955 3948 1000 4001; x_wconf 80' lang='lat' dir='ltr'>Gr.</span> <span class='ocrx_word' id='word_1_438' title='bbox 1010 3944 1043 4009; x_wconf 72' lang='grc' dir='ltr'>,τὰ</span> <span class='ocrx_word' id='word_1_439' title='bbox 1053 3945 1112 4009; x_wconf 77' lang='grc' dir='ltr'>πρὸς</span> <span class='ocrx_word' id='word_1_440' title='bbox 1124 3946 1163 3995; x_wconf 76' lang='grc' dir='ltr'>τὸν</span> <span class='ocrx_word' id='word_1_441' title='bbox 1178 3954 1234 3995; x_wconf 60' lang='lat' dir='ltr'>eie.</span> 
     </span>
    </p>
   </div>
   <div class='ocr_carea' id='block_1_12' title="bbox 0 0 1284 4450">
    <p class='ocr_par' dir='ltr' id='par_1_20' title="bbox 0 0 1284 4450">
     <span class='ocr_line' id='line_1_53' title="bbox 0 0 1284 4450; baseline 0 0"><span class='ocrx_word' id='word_1_442' title='bbox 0 0 1284 4450; x_wconf 95' lang='lat' dir='ltr'> </span> 
     </span>
    </p>
   </div>
  </div>
 </body>
</html>
