2559 4450
297 259 470 321 tutatur
486 258 715 328 axiosrtro.
735 259 816 330 dat.
835 265 885 328 tit.
1069 267 1124 360 iis

85 355 116 411 6.
139 356 201 414 lton
219 366 315 416 autem
331 364 409 432 quod
424 366 502 420 exci·
553 368 623 420 licit
634 372 736 431 autem,
748 373 778 420 ut
792 371 845 421 diri
861 370 1011 435 magnopere
1023 369 1123 427 doleam

48 435 128 490 derit
139 440 259 494 verbum
272 441 341 508 θείς
354 457 412 497 non
425 444 500 498 enim
523 441 549 488 et
564 439 703 491 diserumm
719 440 751 491 ob
766 439 912 491 ludaeorum
934 441 949 492 d
957 443 1057 502 justitia
1078 455 1123 492 eu-

48 529 155 572 omneg
168 519 219 586 qut
231 535 267 574 91
282 521 368 576 lsrael
379 527 463 589 gunt,
478 523 500 576 fi
523 523 595 572 sum;
610 524 662 562 non
676 510 732 563 ideo
744 513 825 561 sentio
838 510 905 574 quod
921 513 998 562 irritae
1011 514 1063 562 sint
1077 512 1122 562 liei

47 596 287 652 summopi&
521 582 700 644 promissiones
711 579 816 632 Abrahae
830 579 1120 642 tacta,proisraeiit1s=

521 662 574 700 non
587 653 772 712 enimomnes,
785 652 828 713 qui
839 662 869 700 ex
880 649 970 699 israele
981 651 1035 701 nati
1048 652 1121 710 sunt,

521 720 575 770 reri
590 721 652 768 sunt
660 717 794 780 israelitae,
805 717 838 770 ad
849 730 912 781 quos
923 719 1019 782 spectat
1035 715 1122 768 divina

520 789 666 852 promissio.

80 850 112 902 ¹1.
130 849 296 920 Nequeunt
316 864 412 907 semen
432 856 497 905 sunt
550 855 635 918 Neque
649 867 750 917 omues,
761 856 806 918 qui
827 857 888 906 sunt
905 866 936 904 ex
953 853 1059 906 Abrabae
1079 864 1120 904 se-

44 925 186 994 lbrabae‚
208 931 366 984 omnesfflii
382 929 497 984 :sedin
520 928 606 988 mine,
625 923 682 974 idei
699 928 835 975 censentur
857 926 1031 987 promissionis
1054 923 1119 984 iilii;

44 1007 130 1060 15330
140 1007 288 1063 vocabitur
297 1009 349 1063 fibi
361 1021 457 1063 „emen
471 1025 479 1062 3
520 994 580 1055 sed,
591 998 621 1043 ut
637 996 667 1043 in
681 993 811 1057 Scriptura
825 993 974 1043 dictumest
991 991 1097 1042 Abrabae
1111 1011 1118 1042 a

520 1066 547 1113 in
558 1063 646 1125 isaac,
659 1065 745 1126 quiex
764 1065 858 1113 virtute
871 1062 958 1112 divine
968 1099 975 1122 ,
986 1066 1011 1111 et
1020 1071 1066 1124 per
1079 1072 1121 1110 re·

518 1135 713 1196 promissionem
724 1131 771 1184 tibi
780 1138 856 1183 natus
873 1134 924 1194 est,
933 1133 1066 1196 posteritas
1074 1134 1120 1184 tua

519 1202 673 1253 censebitur.

79 1270 110 1322 8.
123 1268 160 1322 ld
171 1275 232 1336 est,
245 1283 303 1324 non
314 1270 420 1338 quitilii
433 1285 497 1325 oar·
549 1271 603 1332 Quo
613 1269 691 1321 verbo
704 1269 771 1320 Deus
785 1267 938 1332 significarit
950 1268 965 1318 a
975 1279 1002 1318 se
1015 1267 1043 1318 in
1053 1264 1119 1317 iiiios

44 1345 109 1412 nis,
125 1345 159 1401 bi
173 1345 223 1400 flii
238 1348 289 1401 pai
297 1363 307 1413 3
321 1348 373 1402 aad
386 1348 436 1415 qui
446 1348 496 1402 filii
518 1342 647 1405 reputari,
664 1351 716 1390 non
729 1351 794 1402 quos
808 1351 867 1389 caro
883 1337 986 1400 genuit,
999 1335 1043 1386 sed
1056 1347 1119 1399 quos

73 1504 179 1566 Deum,
192 1505 224 1555 ob
232 1507 271 1554 tot
284 1508 311 1554 et
320 1507 392 1555 unm
406 1505 454 1554 tibi
465 1503 556 1556 cebete
571 1505 710 1566 benoncia,
727 1504 848 1566 benedic,
861 1516 932 1567 ama,
949 1502 1025 1554 luudn
1036 1505 1064 1552 in
1079 1514 1119 1554 se-

43 1575 113 1624 cula.
135 1574 222 1624 Vitam
234 1575 285 1626 duc
295 1575 346 1624 lieo
359 1575 461 1637 dignam
472 1613 479 1636 ,
492 1578 534 1626 cui
549 1578 588 1625 tot
600 1576 712 1626 vinculis
723 1577 811 1626 unitus
822 1587 857 1626 es.
870 1574 935 1625 Cave
946 1587 980 1626 ne
989 1576 1019 1626 in
1029 1576 1119 1627 mortis

42 1645 123 1707 hora,
137 1645 195 1695 bae
205 1648 257 1696 alni
270 1648 375 1709 majoris
387 1650 439 1695 tuta
449 1646 621 1698 damnationis
631 1648 740 1698 attusia.

75 1734 100 1779 6.
116 1729 176 1780 Nos
183 1735 270 1779 cotem
285 1727 355 1792 quia
363 1729 593 1780 admoverim
604 1729 742 1780 heim...
750 1729 793 1780 Gr.
807 1741 860 1780 non
873 1729 929 1780 lieri
940 1731 1117 1792 potestantem

43 1799 114 1860 quod
130 1799 268 1860 exciderit,
276 1803 325 1849 eto.
337 1799 393 1862 Syr.
406 1802 568 1861 nequeenim
583 1811 686 1863 prorsus
699 1800 792 1849 excidit
802 1812 885 1850 sermo
894 1799 948 1850 liei.

74 1870 206 1920 Praerentt
224 1868 358 1931 Apostolus
375 1867 627 1932 objectorumque
646 1873 734 1920 contra
748 1871 828 1934 ipsius
844 1869 957 1920 dolorem
971 1870 1004 1919 ob
1018 1865 1117 1919 iudaeo-

44 1949 103 1987 rum
116 1940 133 1988 i
145 1938 228 1988 salute
237 1937 364 2002 repulsam
376 1938 431 1988 lieri
447 1941 548 2000 potest:
560 1940 685 1989 nimirum
700 1938 766 1988 licus
784 1939 900 2002 promisit
918 1937 1036 2001 Abnoba,
1050 1937 1117 1999 quod

44 2008 116 2058 iilius
135 2021 225 2059 semen
241 2008 423 2071 multiplicaret
437 2011 505 2058 sicut
517 2008 602 2059 stelias
612 2007 686 2070 caelu
702 2012 728 2059 at
744 2007 812 2070 quod
827 2006 908 2057 toedus
926 2019 986 2056 cum
997 2006 1040 2056 illo
1053 2018 1117 2056 con-

45 2081 159 2128 tractum
173 2082 240 2128 esset
257 2082 381 2128 aternum
399 2097 406 2128 ε
419 2077 545 2140 quomodo
560 2080 646 2140 itaque
659 2077 744 2139 doles,
758 2080 788 2126 ut
798 2077 854 2137 ais,
868 2075 900 2125 ob
915 2079 1030 2126 nostrum
1042 2076 1057 2124 a
1071 2076 1116 2126 liei

44 2150 127 2207 gratia
138 2162 245 2211 casum,
262 2152 288 2217 et
299 2149 442 2199 noarama
457 2147 539 2199 mlute
548 2149 695 2211 repulsam?
709 2161 742 2198 an
754 2159 811 2208 ergo
822 2150 897 2210 putas
910 2145 978 2208 dudd
996 2146 1117 2196 exciderit

44 2219 89 2271 liei
104 2219 230 2284 verbnm,
247 2224 273 2271 et
289 2222 368 2272 irrite
382 2219 456 2271 lacte
468 2221 521 2271 sint
532 2218 602 2272 illius
619 2219 816 2285 promissiones?
826 2218 891 2270 llule
905 2229 964 2281 ergo
981 2216 1116 2278 objectioni

43 2292 184 2353 respondet
202 2290 345 2355 apostolae.

73 2361 148 2411 Licet
158 2360 259 2411 doleam
269 2364 457 2426 utmagnopere
469 2361 609 2413 discruciet
618 2359 650 2411 ob
660 2359 806 2411 iudeorum
818 2358 939 2421 ilustitia
954 2372 1051 2421 casum,
1062 2372 1115 2411 non

45 2430 102 2479 ideo
116 2433 214 2493 sentio,
229 2429 298 2494 quod
314 2433 393 2482 irrite
406 2435 458 2483 sint
467 2432 512 2482 liei
523 2432 704 2495 promissiones
711 2429 817 2481 Abrabae
834 2430 907 2481 tacta
918 2449 925 2480 ι
937 2432 997 2491 quia
1007 2429 1114 2493 scilicet,

45 2503 94 2550 iilae
107 2502 154 2553 liei
167 2503 347 2565 promissiones
355 2514 407 2553 non
422 2505 552 2569 pertinent
561 2502 595 2552 ad
606 2515 708 2564 omnes,
719 2503 763 2565 qui
775 2512 805 2551 ex
815 2500 906 2553 israele
918 2502 973 2553 nati
986 2504 1059 2563 sunt;
1070 2500 1115 2551 sed

45 2571 75 2619 ad
88 2570 147 2621 illos
158 2609 165 2634 ,
177 2574 223 2633 qui
232 2571 309 2622 iidem
320 2570 418 2622 israelis
433 2572 577 2634 imitantes‚‘
587 2574 642 2623 reri
652 2572 719 2623 liunt
734 2570 862 2623 israelita.

72 2642 138 2690 Nota
151 2640 221 2704 qnod
232 2642 299 2692 lieus
314 2642 421 2693 Abtalm
437 2641 497 2692 tiliis
511 2642 625 2707 duplices
636 2644 780 2707 promiserit
796 2641 1000 2705 benedictiones,
1016 2644 1113 2705 tempo-

44 2713 110 2759 rales
121 2711 221 2761 scilicet
229 2749 237 2774 ,
245 2715 271 2761 et
280 2712 424 2776 spirituales
435 2731 442 2761 ι
452 2713 603 2786 temporales
612 2714 730 2777 quidem,
740 2714 845 2765 deterre
852 2726 877 2765 v.
887 2727 911 2777 g.
922 2715 1045 2778 promissa
1055 2725 1112 2776 pos

45 2782 162 2843 sitienda,
171 2781 238 2831 Deus
247 2784 274 2831 in
286 2781 430 2832 carnalibus
441 2785 518 2832 ettam
529 2783 636 2834 Abrabae
646 2783 707 2835 tiliis
717 2784 879 2849 adimplerit;
889 2782 1032 2849 spirituales
1042 2782 1110 2844 verb.

44 2852 74 2900 dc
89 2853 172 2913 gratia
184 2849 309 2903 niminim
319 2891 327 2915 ,
336 2854 365 2904 in
378 2852 438 2903 solis
448 2854 635 2917 spiritualibus;
652 2855 679 2905 id
694 2857 745 2917 est,
758 2855 935 2917 credentibus,
947 2854 1076 2918 adimplet.

74 2923 136 2971 Esto
148 2923 236 2984 ltaque
252 2921 320 2983 quod
333 2924 360 2972 in
378 2922 503 2986 plerisque
520 2922 664 2975 ramalibus
677 2924 783 2975 Abrshae
793 2924 853 2975 tiliis
870 2923 991 2975 exciderit
1005 2924 1112 2975 verbum

44 2989 98 3053 bei,
113 2992 145 3042 de
156 2992 330 3055 spiritualibus
339 2992 558 3044 benedictionibus
571 3012 579 3045 r
592 2994 636 3047 sed
648 3004 700 3045 non
711 2995 803 3047 excidit
813 2996 841 3046 iu
851 2994 1023 3059 spiritualibus
1031 2994 1112 3045 abra·

44 3061 84 3111 bae
98 3060 174 3124 bitis,
190 3060 283 3124 idest,
296 3061 422 3114 fidelibus.
780 3083 789 3097 ·

75 3133 133 3181 Non
145 3132 212 3182 eam
225 3146 326 3194 omues,
342 3134 388 3197 pai
402 3147 431 3184 ec
444 3134 537 3188 hecelo
550 3132 607 3187 soii
622 3141 694 3195 sarm,
707 3137 761 3187 veri
779 3133 967 3187 marincense
975 3150 987 3197 ,2
999 3134 1033 3185 ad
1046 3142 1113 3199 quoa

45 3203 145 3253 scilieet
159 3206 256 3267 spectat
273 3204 360 3255 divina
372 3208 506 3269 promissio
522 3226 529 3257 ε
543 3206 577 3257 ad
590 3205 658 3257 solos
672 3209 742 3257 enim
755 3205 898 3271 spirituales
915 3204 1021 3257 niune
1034 3210 1061 3259 et
1072 3208 1111 3259 ls-

45 3273 120 3324 melis
129 3272 198 3323 tilios
212 3276 323 3338 pertinet
332 3274 799 3341 benedictioetlstereditaspromtssa.
1015 3288 1021 3301 ⁴

68 3361 100 3407 a.
111 3358 197 3421 Neque
211 3358 344 3421 porsena
354 3364 412 3409 sant
421 3360 571 3412 itroire...
580 3360 624 3411 Gr.
635 3372 719 3425 neque
728 3361 787 3423 quia
797 3362 863 3421 ,etc
875 3358 931 3423 Syr.
942 3370 1025 3423 nequo
1031 3362 1110 3415 auem

45 3430 98 3488 qui,
114 3432 166 3478 etc.
176 3426 202 3478 id
216 3431 270 3489 est,
283 3437 364 3492 neque
375 3441 464 3481 omnes
476 3432 520 3494 qui
530 3442 560 3481 ex
573 3433 670 3481 semine
679 3433 739 3481 sunt
752 3430 874 3492 abrahe,
886 3430 942 3480 ideo
957 3434 1110 3497 censentur,

45 3497 90 3545 biii
106 3498 296 3560 promissionis,
312 3497 345 3547 nd
362 3511 425 3563 qnos
437 3503 533 3563 spectet
547 3499 682 3551 hereditas
701 3499 807 3550 abraba
818 3516 825 3549 ε
838 3498 900 3550 aliis
915 3499 1005 3551 ismael
1017 3504 1043 3551 et
1058 3500 1110 3553 tle*

45 3567 128 3685 thorae
139 3566 188 3686 atilli
196 3600 205 3629 ,
217 3567 321 3617 etEsau
335 3571 534 3633 promissionum
544 3573 627 3621 essem
640 3571 777 3634 participes
791 3586 798 3621 a
813 3570 881 3634 quod
895 3570 975 3622 iudei
993 3582 1045 3652 non
1061 3572 1109 3625 ad-

46 3648 80 3684 mr
106 3649 164 3686 un.
1050 3666 1052 3669 ·

78 3706 163 3757 Sedis
172 3706 276 3759 leoco...
288 3705 332 3758 sed
342 3706 439 3761 dictam
454 3712 493 3761 est
509 3709 634 3773 manha,
651 3706 743 3761 danes
758 3710 798 3762 2¹.
810 3713 847 3763 ta.
857 3710 886 3763 io
898 3710 986 3775 boec,
1002 3726 1048 3766 seu
1062 3719 1109 3779 per

47 3774 148 3897 Ιείεεὲὧὶ
138 3776 193 3897 (ιιιιιιὶΓ
199 3779 366 3841 promissione
375 3780 419 3831 liei
438 3783 515 3832 natus
525 3783 564 3832 est
573 3781 621 3833 tibi
630 3782 687 3833 seni
696 3784 723 3833 et
735 3779 892 3837 Saranerill
901 3816 909 3847 ,
918 3786 1052 3849 posteritas
1062 3790 1109 3840 tua

77 3860 93 3895 n
193 3877 202 3897 ι
439 3861 443 3866 .

77 3930 759 4003 e.rem,chrsrtsrcrao...srptearutsnum
771 3932 1108 4006 bonsemannus

49 3999 228 4058 dceraeiioe
241 4003 366 4070 amittent
378 4006 520 4063 111th
531 4008 738 4082 repuentliies.
750 4008 1107 4083 nonadmesrne,sedpat
