2559 4450
159 274 236 343 ,mi
496 263 898 349 ,Rscorusaucronrc

78 349 81 355 ’
159 347 267 441 liber,
288 362 432 443 optatum
449 360 527 427 mihi
546 379 734 427 conoessum
753 365 803 427 est
820 361 942 441 otium3
968 361 1046 424 tunc
1061 353 1251 424 nubatends

159 463 315 556 ,trasitari
326 466 402 555 quid
414 484 561 549 agerem,
577 467 631 531 ubi
645 467 761 530 mentis
771 470 805 531 et
816 467 921 532 cordis
935 465 1033 529 dmm
1049 481 1248 549 apparerem,

172 569 231 635 sed
243 570 347 643 divino
361 571 449 652 quasi
462 571 614 636 instinctu
627 573 782 656 impulsus
798 573 831 636 et
849 571 1015 654 abreptus,
1029 569 1171 634 animum
1184 587 1249 649 ap-

170 679 267 760 plicui
283 683 387 746 totum
405 681 445 746 ad
462 681 521 744 bos
534 681 606 746 vitae
622 676 737 749 divina
749 682 874 767 lentes,
893 697 951 744 seu
967 679 1010 743 ad
1021 679 1091 742 bec
1102 680 1249 758 Aposto-

171 783 232 848 lica
247 785 373 864 luntims
388 786 421 850 et
434 785 516 866 ignis
532 785 648 867 scripta
661 785 812 867 legenda,
827 783 1013 864 scrutanda,
1027 783 1080 848 die
1094 797 1136 862 ac
1146 785 1248 846 nocte

171 889 364 954 meditanda.
969 872 977 890 ’
1131 900 1136 906 ’

210 997 274 1060 Nec
285 1012 338 1060 me
348 1011 421 1077 spes
430 1011 503 1062 mea
519 995 629 1060 fefellit
646 1018 655 1060 ι
670 995 789 1061 etenim
800 993 836 1058 in
844 993 906 1058 bac
912 991 984 1075 iugi
994 995 1028 1058 at
1036 991 1165 1058 assidua
1172 1007 1246 1056 me-
1274 1056 1276 1061 .

171 1101 341 1182 ditatime,
368 1102 522 1166 etlumen
541 1101 622 1180 vidi,
638 1104 671 1165 et
687 1101 793 1181 ignem
807 1099 909 1182 sensi,
924 1102 958 1165 et
969 1116 1059 1164 mens
1081 1116 1155 1163 mea
1166 1115 1245 1162 ver·

170 1207 285 1277 borum
297 1205 495 1271 Deiveritate
508 1206 642 1285 nutrita,
656 1208 690 1270 et
704 1220 898 1283 cormeum,
914 1204 1025 1269 divinis
1042 1204 1171 1288 illorum
1188 1220 1243 1266 ar-
1274 1206 1276 1291 f

172 1314 300 1380 (loribus
315 1313 642 1395 animatum,revixit.
876 1365 883 1376 ,
1274 1312 1276 1397 4

156 1403 162 1474 j
210 1423 297 1486 'tnnc
309 1424 418 1485 tamen
431 1420 475 1484 ita
492 1421 656 1501 legebam,
669 1418 715 1482 ita
729 1417 921 1498 meditabar,
937 1419 975 1480 ut
991 1431 1051 1481 nec
1067 1416 1242 1498 qrridquam
1274 1450 1276 1509 3

171 1525 294 1606 scriptis
307 1527 490 1590 mandarem
499 1523 585 1607 ;·imb
594 1541 654 1589 nec
663 1523 819 1588 scribendi
830 1541 922 1587 mens
935 1525 1036 1602 esset,
1049 1523 1169 1587 etenim
1182 1525 1242 1586 lux
1274 1520 1276 1649 1

168 1646 236 1704 pon
251 1630 296 1694 ita
314 1627 403 1694 facile
420 1630 560 1712 pingitur
571 1647 611 1702 ae
623 1629 837 1712 ridetur3nec
846 1628 932 1692 calor
940 1628 1141 1710 exprimitur,
1154 1628 1242 1692 sicut
1274 1656 1276 1713 i

156 1733 316 1800 ‘sentitur
987 1779 991 1783 -
1274 1740 1276 1837 Ι

157 1837 164 1846 “
208 1844 250 1904 at
261 1842 333 1906 mea
348 1841 476 1905 demum
493 1841 687 1923 experientia
700 1840 813 1905 doctus
829 1837 915 1920 quod
930 1836 1014 1922 saepe
1026 1841 1140 1923 sepius
1152 1843 1240 1905 tran-
1274 1840 1276 1905 l

156 1945 285 2012 'sitoriae
298 1950 373 2010 sunt
389 1947 422 2011 et
440 1947 529 2027 quasi
541 1950 771 2012 momentaneae
782 1947 899 2010 mentis
913 1947 1146 2027 irradiationes,
1162 1965 1240 2010 cor-

168 2053 280 2132 disque
293 2053 468 2132 motiones,
483 2053 585 2133 aliqua
597 2053 727 2116 tandem
739 2053 863 2118 decrevi
872 2051 912 2116 ad
925 2069 1029 2116 meam
1039 2052 1236 2130 doctrinam,

167 2157 408 2223 edificationem
432 2162 465 2222 et
492 2157 741 2223 consolationem
759 2159 916 2240 propriam
940 2157 1098 2240 scribere,
1118 2163 1157 2221 ut
1185 2161 1238 2223 his

167 2265 292 2345 scriptis
313 2264 348 2327 iu
369 2264 554 2329 memoriam
575 2265 655 2329 mihi
671 2268 894 2331 revocarentur
913 2264 1140 2345 cogitationes,
1159 2282 1238 2329 sen-

157 2386 222 2433 ·sus
235 2372 268 2434 et
279 2370 410 2435 affectis
421 2388 501 2452 quos
514 2371 548 2435 in
560 2372 696 2435 lectione
708 2375 742 2436 et
753 2370 958 2447 meditatione
968 2386 1184 2451 perceperam,
1202 2377 1237 2434 et

166 2486 302 2550 quorum
314 2474 403 2535 sacra
415 2471 625 2535 ruminatione
637 2470 749 2533 nutriri
762 2470 961 2550 exoptabam.

206 2576 320 2657 Scripsi
341 2576 447 2653 itaque
472 2574 592 2652 aliqua,
620 2576 654 2638 et
668 2572 805 2655 primlnn
825 2554 953 2655 quidem
969 2574 1037 2639 sine
1056 2574 1233 2656 methodo,

156 2683 260 2760 prout
272 2696 340 2758 res,
357 2672 480 2742 occasio
494 2681 527 2742 et
540 2677 672 2743 allectus
689 2662 912 2760 suggerebant.
1108 2666 1111 2669 ⁴

205 2782 266 2846 Sed
287 2783 385 2847 altera
397 2782 509 2847 doetus
523 2782 716 2865 experientia
728 2781 814 2864 qubd
830 2783 849 2848 b
868 2785 1020 2849 memoria
1032 2785 1235 2852 elaberentur

155 2888 411 2969 quamplurima,
434 2890 466 2952 et
479 2889 607 2969 quidem
620 2889 661 2953 ad
679 2893 805 2971 textus,
820 2890 1055 2972 intelligentiam
1068 2891 1159 2973 plane
1173 2914 1234 2960 ne-

164 2994 319 3076 cessaria3
340 2997 374 3059 et
394 3011 464 3075 quae
482 2993 560 3058 mihi
581 3012 638 3075 per
654 2995 893 3062 meditationem
911 2998 1036 3061 luerent
1058 2998 1230 3078 elucidata,

164 3098 251 3164 verbi
265 3100 380 3181 gratia,
400 3099 550 3165 naturalis
567 3084 767 3165 ordotextbs
781 3099 966 3181 Apostolici,
982 3103 1138 3167 eteorum
1158 3123 1232 3185 quae

161 3204 197 3267 in
216 3206 309 3269 textu
324 3204 572 3285 interseruntur,
587 3206 759 3286 connexio,
773 3223 864 3270 mens
879 3207 1035 3287 Apostoli,
1053 3224 1232 3291 sensusque

153 3308 371 3393 'probabilior3
385 3311 574 3392 quaomnia
589 3328 654 3375 non
665 3308 768 3393 prbrio
781 3328 907 3392 semper
918 3311 1034 3374 intuitu
1045 3316 1164 3402 patent.

155 3419 160 3505 J
202 3415 295 3497 ilinc,
313 3418 352 3481 ut
368 3416 528 3481 memoriae
548 3414 706 3481 deficienti
724 3416 909 3498 opitularer,
931 3420 966 3481 ‘et
984 3434 1070 3481 -meae
1094 3420 1230 3485 medita-

162 3519 258 3585 tionis
275 3520 363 3585 mihi¹
376 3525 591 3603 perseveraret
612 3522 754 3603 utilitas,
773 3522 875 3603 inoepi
897 3526 971 3603 post
993 3522 1174 3589 munnam
1194 3531 1229 3591 et

53 3648 64 3659 ·
163 3630 308 3690 exactam
324 3627 476 3719 cujusque
492 3627 602 3721 capitis
617 3626 868 3708 discussionem,
887 3625 952 3691 imb
967 3632 1001 3691 et
1022 3632 1097 3709 post
1115 3630 1227 3711 siugu-

152 3726 265 3795 'loium
283 3747 431 3797 versuum
450 3735 483 3795 et
498 3734 684 3813 verborum,
705 3734 818 3797 saltem
831 3732 1069 3813 obsemiorum,
1088 3734 1227 3815 expliea-

156 3836 280 3901 tionem
292 3837 326 3901 in
338 3838 563 3902 commentario
576 3840 707 3918 laetam,
726 3835 799 3901 edm
811 3838 889 3901 mibi
900 3839 1020 3903 seilicet
1032 3840 1141 3905 omnia
1152 3840 1225 3907 riri·

170 3938 233 4010 lita
255 3946 289 4009 et
305 3940 419 4010 clarite
436 3945 526 4010 erant
542 3943 576 4009 in
589 3947 715 4025 mente3
731 3943 848 4026 incepi,
862 3944 1011 4026 inquam,
1027 3940 1160 4013 brevem
1171 3964 1223 4014 ea-
