2559 4450
160 277 185 360 'x
287 311 324 368 ;,
371 271 393 318 ·’
510 299 660 359 socrus
679 295 911 368 nooronrs

203 402 243 468 nt
252 397 418 483 ‚inqules,
433 395 617 480 hictriplici
630 398 851 480 Expositione,
866 375 1235 478 dtettriplexoiusdem

164 509 210 574 rei
226 506 383 590 repetitio

162 632 165 640 ¹
161 615 259 678 rat
260 629 335 693 eor,
360 609 418 675 sed
434 625 629 694 unaqueque
648 607 876 689 diversimodo,
896 605 993 698 altem
1014 604 1103 670 elteri
1119 617 1235 686 super

164 717 283 784 addens
290 717 422 798 eroque
434 715 519 778 nulla
531 715 708 796 superflua
699 710 787 777 ἰιιιὸ
800 713 841 778 od
853 713 1004 795 plenem
989 711 1099 776 texitis
1112 709 1235 775 intelli·

163 824 318 907 gentiam,
332 837 528 900 unaqueque
540 819 626 883 utilis
639 822 672 884 et
684 835 743 884 suo
756 819 853 883 modo
869 815 1091 883 necessaria.¹

158 959 162 966 ·
159 927 252 994 Sic
268 925 505 1010 crepusculum,
524 942 638 990 aurora
659 929 693 990 et
709 923 858 990 meridios
875 924 935 988 sibi
952 918 1161 987 suooedurt
1147 918 1234 984 mri-

155 1045 253 1116 'cem,
268 1051 328 1100 nec
341 1035 450 1098 tamen
462 1031 697 1114 obstantque
708 1030 766 1097 lox
777 1046 841 1097 una
853 1029 992 1114 drsponrt
1006 1027 1233 1106 meimet

163 1138 471 1224 aliapcrficitaliam.

203 1243 253 1307 sio
265 1243 376 1308 viatori
391 1245 540 1324 Romani,
554 1259 585 1310 r.
600 1257 646 1324 g,
660 1241 785 1308 Parisiis
796 1239 1023 1324 proficiscenti,
1037 1255 1103 1304 non
1113 1236 1230 1316 obest,
1270 1298 1272 1305 .

160 1345 227 1413 imo
240 1349 369 1432 prodest
381 1347 611 1430 provinciarum
625 1352 658 1412 et
670 1348 811 1429 urbium,
825 1364 905 1429 quas
918 1348 1141 1429 peregratruus
1157 1347 1230 1423 est,

162 1455 317 1520 inohnrta
329 1439 538 1536 geographica
550 1453 722 1538 inspectio3
735 1455 850 1519 deinde
858 1457 893 1520 et
901 1450 1231 1531 eommdeminoeip-

158 1561 207 1628 sis
220 1559 487 1642 intuitus3primd
502 1560 535 1625 in
551 1559 823 1639 summa-deinde
837 1559 870 1623 in
883 1559 1054 1623 individuo.
1271 1602 1273 1639 ,

202 1665 345 1748 dnelysis
364 1665 469 1747 itaque
489 1666 578 1748 quasi
592 1668 811 1748 crepusculum
829 1668 895 1742 est,
915 1661 1115 1746 Paraphrmu
1137 1659 1232 1744 quast

163 1789 294 1852 aurora,
309 1773 558 1836 commentarius
575 1772 664 1852 quasi
677 1772 835 1836 meridies.

84 1919 87 1925 n
202 1880 339 1958 Rursus,
353 1878 515 1959 Analysis,
535 1878 623 1959 quasi
636 1879 745 1942 charta
758 1874 984 1958 geographica,
998 1873 1230 1940 breviteretin
1272 1906 1274 1925 ι

160 1979 279 2064 puncto
292 1983 436 2065 designat
449 1983 643 2064 provincias,
654 1981 936 2064 urbesetoppida,
950 1997 1090 2061 perque
1098 1979 1160 2046 iter
1179 1982 1231 2044 ta-

161 2089 308 2153 ciendum
320 2090 393 2152 est
407 2089 605 2170 Paraphrasis
618 2090 747 2154 easdem
759 2103 945 2170 prounores
958 2086 1230 2168 rubosetoppida

161 2211 317 2278 mserps1s
327 2194 456 2263 erubet
470 2195 638 2275 itineranti,
653 2194 812 2277 sedquasi
825 2192 1008 2259 summam
1019 2190 1228 2274 etmglobo
1273 2212 1275 2276 ι

152 2301 412 2367 commentarius
426 2297 503 2367 veri>
515 2317 763 2381 unuscujusque
774 2298 861 2363 urbrs
871 2300 1001 2381 templa
1014 2297 1144 2380 puta,
1156 2314 1230 2363 om-

153 2406 274 2487 niaque
286 2406 356 2473 visu
369 2406 464 2488 digna
472 2405 654 2503 singillatim
665 2406 879 2486 representat

200 2512 304 2577 llaec
295 2515 401 2595 itaquo
417 2511 497 2590 tria,
517 2511 681 2591 Anelysie,
703 2507 903 2591 Paraplrresis
925 2512 958 2573 ot
975 2511 1229 2578 commendem

160 2618 359 2701 singulariter
376 2618 518 2695 sumpto,
538 2614 583 2678 ita
607 2613 715 2679 lumen
732 2631 827 2679 suum
850 2615 968 2697 legenti
988 2617 1171 2697 conterunt,
1190 2620 1230 2683 ut

161 2723 254 2789 simul
273 2721 399 2801 sumpta
411 2719 537 2801 plenam
549 2720 583 2784 et
594 2721 767 2800 perlectam
779 2720 856 2786 dent
872 2720 1041 2802 Apostolioi
1054 2723 1163 2788 textus
1180 2723 1229 2789 in-

161 2825 382 2909 telligentiam,
393 2826 426 2888 et
435 2824 579 2889 notitiam
588 2824 710 2910 pariant
720 2826 874 2906 veritatis,
886 2844 956 2908 quae
964 2810 1137 2893 estmentis
1146 2828 1225 2895 vita.

199 2932 285 2995 eirea
301 2947 397 3011 quem
409 2946 508 2994 unum
520 2932 553 2994 te
566 2947 698 3012 moneo,
712 2934 825 2995 Lector
840 2931 1012 3012 benevole,
1026 2930 1129 3013 qnod,
1151 2935 1228 3015 quia

159 3036 323 3103 veritatem
331 3040 459 3117 propter
466 3034 652 3100 charitatem
659 3036 799 3117 quaesivi,
808 3036 986 3117 mentisque
992 3037 1088 3102 vitam
1095 3044 1227 3123 propter

159 3143 256 3210 vitam
273 3140 601 3223 cordisoptav13hinc
618 3141 661 3205 ad
672 3142 837 3207 veritatem
849 3139 1074 3223 indagandam,
1088 3143 1132 3208 ita
1144 3145 1227 3213 nihil

157 3244 369 3313 necessarium
395 3246 598 3327 praetermisi,
622 3250 659 3310 ut
678 3247 778 3311 multa
804 3250 913 3312 tamen
935 3248 1058 3311 curiosa
1077 3246 1223 3333 tanturn,

158 3356 297 3419 mentem
312 3354 345 3415 et
357 3367 412 3417 cor
426 3349 631 3415 distrahentia
642 3355 675 3416 et
688 3352 878 3419 exsiccantia
891 3350 996 3435 potios
1010 3349 1105 3437 quem
1119 3354 1225 3422 vivifi·

148 3456 277 3537 mutia,
288 3456 399 3519 lubens
410 3457 561 3521 etrolens
574 3456 745 3521 omiserim.

195 3560 338 3627 veritatis
351 3562 458 3640 itaque
473 3561 660 3644 indagandae
679 3562 797 3645 gratie,
815 3562 929 3644 previa
946 3580 1071 3646 semper
1085 3559 1119 3629 et
1130 3562 1224 3632 iden-

154 3666 255 3759 tidem
267 3666 415 3730 reiteratd
427 3666 586 3748 oratione,
599 3668 662 3748 legi
675 3666 811 3749 primdm
819 3671 961 3734 nostram
973 3670 1132 3751 vulgatam
1150 3688 1223 3739 rer·

156 3773 297 3853 sionem3
311 3772 374 3855 legi
384 3770 499 3837 deinde
509 3774 634 3838 textum
644 3773 827 3856 originalem
836 3777 870 3840 et
879 3776 955 3840 alias
964 3776 1219 3862 eiusversiones3

155 3878 219 3959 legi
231 3879 399 3961 plerosquo
411 3878 602 3959 antiquiores
616 3882 741 3945 Grecos
753 3884 787 3944 et
798 3882 924 3945 Latinos
938 3882 1143 3965 interpretes,
1156 3886 1221 3967 legi

158 3988 191 4049 et
200 3983 409 4067 recentiores,
425 3980 699 4066 quibus'omnibru
714 3983 835 4051 noento
843 3990 1024 4053 coramveo
1034 3992 1218 4073 perpensis,
