2559 4450
167 292 223 351 500
360 292 487 348 PRlilAE
505 288 710 347 brissonii
729 290 1037 348 incombustus

196 388 266 440 Adde
287 386 355 452 onbd
377 402 447 451 mcc,
469 398 511 439 res
527 386 603 449 ritis,
620 390 704 439 ventri
723 398 766 438 cs-
822 392 869 443 id.
891 392 962 445 Esca
974 386 1093 455 venui,
1105 390 1239 443 etsenier

165 455 249 506 dendo
258 457 398 520 destinam
411 462 436 506 et
446 461 550 519 venter,
564 468 622 521 pers
633 456 766 521 ignobilis,
789 466 860 523 θεοῖς
880 483 889 519 2
1264 469 1266 524 i

165 528 229 577 cibis
247 527 385 589 coquendis
399 528 549 579 destinatus.

195 596 265 647 Adde
279 596 348 659 quod
365 597 431 647 Deus
448 600 555 659 utruque
573 597 701 661 destruet,
719 609 766 647 seu
788 602 862 654 Deus
880 603 975 653 autem
997 603 1028 653 et
1046 596 1136 653 huno
1150 602 1182 651 et
1196 595 1241 649 bas
1266 603 1268 642 i

165 679 255 717 eornm
271 677 349 717 usum
366 667 437 717 brevi
455 666 582 717 abolebits
598 680 650 717 non
668 666 767 729 expedit
789 675 923 729 destruet,

165 748 223 798 ergo
241 740 343 800 propter
358 736 414 789 hnc
428 735 765 800 vitiumnumerus,
784 752 788 755 ·

165 804 204 859 titi
221 818 273 857 are.

194 820 271 925 Pgorrd
283 886 374 937 corpus
393 888 446 927 nou
460 876 499 926 sic
517 874 679 927 fornicationi
690 873 766 925 desti-
789 867 897 933 Corpus
918 869 1013 919 nutem
1034 878 1100 919 non
1122 864 1243 919 fornicu-

165 948 256 999 unium
267 947 319 1005 esi,
333 945 377 995 sed
387 944 495 995 Domino
507 947 700 1005 consecratum,
713 943 767 1007 (cn-
789 944 873 1009 tioni,
888 944 938 997 sed
949 943 1089 1011 Domino,
1104 948 1138 999 et
1148 941 1243 999 Domi·
1271 961 1272 976 ¹

164 1016 205 1075 ins
227 1017 265 1065 est
285 1014 453 1078 membrum)
472 1019 498 1065 ct
518 1015 642 1065 buminus
666 1017 765 1080 corpori
790 1023 967 1092 nusmrpori
980 1040 998 1078 ς’

165 1074 239 1135 dutus
253 1084 291 1133 esi
305 1087 383 1146 caput
394 1082 403 1147 i
414 1086 439 1133 et
450 1082 499 1135 hoc
511 1084 539 1134 in
556 1081 709 1147 eternum).

165 1228 254 1271 eorum
264 1218 435 1282 jurisdictioni
456 1220 611 1281 obtrectare3
623 1223 650 1269 et
665 1232 715 1282 no,
725 1222 749 1271 st
759 1220 813 1271 haec
823 1222 879 1282 ejus
894 1220 1000 1284 epistola
1011 1220 1047 1271 nd
1062 1233 1164 1274 eornm
1178 1225 1243 1273 noti·
1272 1249 1273 1256 κ

165 1292 228 1341 tium
247 1290 404 1351 perveniret,
419 1288 554 1351 Evangelio
564 1293 677 1340 noceret.
1272 1300 1275 1352 fi

194 1356 319 1419 Quidquid
332 1360 366 1408 sit
375 1396 382 1420 ,
390 1362 509 1408 constans
522 1362 560 1408 est
572 1357 684 1421 Apostoli
695 1359 810 1410 doctrino
821 1371 829 1408 r
839 1358 942 1410 Subditr’
953 1364 1026 1410 estote
1034 1360 1112 1409 omos·
1123 1360 1242 1411 bumana
1273 1414 1275 1425 ,

167 1432 302 1486 mouture,
311 1428 462 1489 norflece...
472 1428 525 1477 sice
537 1428 680 1479 Ducibus...
691 1428 743 1479 sice
757 1429 977 1491 laubiensibus...
989 1441 1078 1478 coram
1089 1432 1133 1480 eis
1143 1435 1242 1488 vocati,

166 1501 326 1558 comporct03
337 1498 501 1557 interrogati,
512 1496 680 1559 respondete:
697 1497 742 1547 sed
754 1500 775 1547 si
787 1510 837 1559 qun
853 1498 887 1546 sit
897 1498 964 1546 inter
974 1509 1019 1547 vos
1029 1497 1063 1546 de
1076 1499 1242 1549 secularibus
1273 1486 1275 1531 Ι

166 1566 354 1622 controversia.
374 1564 493 1614 intimum
514 1566 689 1616 christianum
704 1566 788 1628 eligite
807 1568 835 1615 in
856 1566 995 1626 arbitrum,
1011 1565 1101 1629 potiris
1116 1568 1200 1629 quim
1214 1567 1242 1616 nd
1272 1577 1273 1602 i

165 1632 280 1682 ethnicos
292 1632 390 1693 judices
403 1636 557 1696 recurratis,
571 1634 603 1684 ob
618 1634 775 1695 multnsinm
790 1631 1073 1695 nllntcsraiiones3sed
1093 1640 1242 1699 presertim
1272 1614 1275 1670 9

165 1714 199 1753 ne
209 1692 256 1753 sub
268 1715 356 1754 eurum
366 1705 487 1754 servitute
497 1704 662 1767 redigamini,
676 1718 737 1754 cum
748 1718 840 1767 magno
848 1708 940 1758 vestre
950 1704 1041 1754 sulutis
1051 1708 1188 1769 periculo.
1272 1673 1275 1766 1

199 1781 237 1828 id.
248 1780 313 1828 Esco
324 1778 421 1837 nemsi,
433 1784 456 1828 ct
467 1786 550 1829 occur
561 1780 637 1838 ucis,
650 1780 712 1829 duos
724 1780 787 1831 clins
802 1782 913 1830 rationes
925 1781 1087 1843 paucissimis
1102 1783 1198 1833 verbis
1207 1781 1241 1830 ai-
1272 1775 1275 1867 l,

166 1844 230 1908 tert,
245 1848 277 1897 ob
288 1859 350 1909 quus
362 1846 460 1908 litigare
470 1860 573 1909 prorsus
586 1860 638 1897 non
651 1848 774 1909 expedint.

196 1916 307 1967 Primam
318 1916 428 1965 desumit
439 1930 468 1967 ex
478 1915 574 1967 vilitate
584 1929 672 1966 rerum
681 1918 713 1966 ob
727 1930 789 1979 quus
799 1916 921 1979 litigatur.
932 1920 1009 1977 lisca,
1016 1929 1057 1969 res
1068 1919 1134 1971 vilis
1143 1957 1152 1982 ,
1161 1921 1242 1972 neoni
1272 1882 1275 1981 i

166 1984 275 2035 sedando
297 1985 438 2046 destinata,
458 1991 481 2034 ct
495 1992 591 2045 venter,
603 1998 662 2049 pars
682 1985 815 2047 ignobilis,
834 1986 899 2042 esdr?
915 1986 1051 2047 coquendis
1074 1986 1239 2049 destinatum
1272 2011 1273 2014 ¹

165 2058 237 2119 qnasi
251 2054 345 2105 diceret
357 2069 364 2103 r
375 2054 449 2105 Vobis
460 2054 618 2115 Christianis,
628 2054 662 2104 nd
671 2054 715 2104 liei
727 2066 833 2115 regnum
844 2053 992 2103 hereditate
1001 2055 1240 2117 possidendumro
1272 2021 1275 2089 l

111 2158 122 2181 .
166 2127 243 2184 cutis,
255 2136 307 2173 non
318 2124 417 2187 expedit
430 2124 497 2174 inter
511 2136 556 2173 vos
573 2122 631 2173 lites
651 2123 759 2186 babere;
770 2126 872 2187 propter
886 2136 943 2185 res,
959 2137 1016 2187 quae
1031 2122 1065 2174 ad
1076 2137 1156 2178 oscas
1168 2133 1195 2179 et
1211 2128 1240 2177 ad

168 2198 283 2245 ventrem
297 2193 348 2244 iord
357 2194 467 2245 tendunt
478 2206 575 2245 omnes.

195 2263 339 2314 Secundum
349 2265 459 2315 desumit
471 2265 486 2314 i
500 2265 624 2316 brevitate
639 2265 781 2316 durationis
792 2263 905 2315 illarum.
1004 2270 1007 2275 ’

195 2331 262 2382 Dens
272 2339 356 2382 nuum
368 2339 391 2382 et
404 2333 469 2383 bunc
482 2339 505 2384 et
516 2334 563 2384 bos
578 2336 694 2385 dmtruet.
704 2335 770 2383 Deus
782 2337 889 2394 utraque
904 2333 929 2382 et
943 2336 1058 2383 ventrem
1068 2336 1095 2384 et
1106 2346 1186 2388 escas
1200 2339 1239 2388 de

165 2405 246 2456 struet
253 2423 262 2464 ;
274 2403 300 2452 id
314 2406 351 2452 est
361 2440 368 2464 ‚
378 2414 466 2454 eorum
481 2403 696 2454 usum'ubolcbit:
708 2416 768 2453 usus
781 2403 851 2454 enim
863 2402 953 2452 edendi
968 2404 1074 2454 cessabit
1088 2407 1117 2454 in
1133 2414 1237 2468 morte;

165 2475 221 2538 post
234 2473 444 2526 resurrectionem
459 2473 555 2525 erimus
572 2473 639 2524 sicut
657 2471 744 2536 dngeti
763 2472 823 2534 bei,
839 2484 892 2522 non
910 2473 1084 2535 comedentes,
1096 2475 1170 2526 sicut
1190 2492 1238 2528 nec

164 2543 297 2594 nubentes.

194 2613 253 2664 lircc
264 2613 395 2676 dicemur,
402 2615 432 2664 ut
439 2613 532 2664 hurum
544 2625 631 2664 rerum
642 2615 802 2677 contemptus
811 2614 955 2676 ingentium
967 2615 1040 2676 quusi
1048 2612 1167 2666 dioermz
1178 2617 1236 2667 linc
1271 2550 1275 2656 ι

164 2683 314 2746 inseritis,
332 2689 358 2734 et
373 2683 443 2735 brcri
463 2683 574 2733 desitura
592 2683 719 2746 spernite,
735 2683 792 2734 nliis
802 2683 938 2746 relinquite
946 2705 954 2746 ς
969 2694 1016 2735 vos
1027 2683 1089 2734 verb
1102 2685 1154 2736 iiiii
1171 2689 1234 2750 liei,
1272 2685 1275 2764 i

163 2757 270 2814 eterna,
282 2753 368 2802 divino
377 2789 384 2813 ,
394 2752 531 2815 aestimate,
540 2755 644 2813 curate,
656 2753 839 2816 prosequimini
849 2752 902 2804 told
914 2755 1008 2805 mentis
1019 2751 1197 2808 sollicitudine
1211 2763 1235 2810 et

163 2823 216 2872 toto
229 2820 311 2871 cordis
323 2821 425 2870 aiiectn.

194 2889 260 2938 lieus
275 2887 357 2938 cordis
368 2889 419 2939 mei
428 2885 458 2939 id
471 2889 536 2939 licus
544 2891 623 2940 totius
636 2889 720 2940 cordis
732 2891 783 2940 met
793 2893 800 2940 i
812 2892 895 2942 totum
906 2903 951 2942 cor
961 2903 1050 2942 meum
1058 2892 1091 2942 nd
1103 2896 1130 2944 ie
1139 2896 1233 2959 tuobe,
1269 2833 1275 2956 ¹l

162 2961 246 3010 totum
257 2969 397 3008 cormeum
410 2957 443 3007 ad
452 2960 478 3009 te
487 2971 588 3009 sursum
597 2960 653 3010 levo
661 2979 670 3023 3
681 2960 801 3024 nullaque
811 2973 870 3026 pers
880 2963 936 3024 eins
948 2961 964 3012 i
975 2964 1002 3012 to
1012 2961 1131 3014 diffluens
1141 2966 1235 3016 ucba-
1272 2973 1275 2988 ¹

163 3033 208 3082 tur
222 3031 250 3080 in
265 3028 508 3090 concumberent
521 3033 609 3081 terrei

195 3102 291 3164 corpus
308 3104 392 3150 nutem
408 3112 459 3150 noc
477 3098 677 3164 subiectione...
690 3098 734 3150 Gr.
747 3101 775 3150 ct
785 3109 894 3163 corpus,
905 3102 955 3151 etc.
970 3098 1028 3162 syr.
1044 3100 1121 3164 porri
1135 3115 1232 3166 corpus

162 3183 214 3223 non
231 3169 408 3232 fornicationi,
421 3171 471 3220 etc.
492 3181 552 3220 cum
571 3172 666 3234 puncto
686 3168 860 3234 procedento3
871 3169 909 3221 iu
929 3172 959 3218 ut
981 3170 1089 3235 incipiat
1109 3170 1231 3236 musis,

195 3240 237 3291 rrd
267 3243 316 3291 etc.

161 3253 253 3372 pocap,
266 3309 290 3361 i.
302 3307 334 3359 de
346 3311 444 3360 enormi
465 3307 625 3373 impudicitia
640 3309 707 3371 egit,
721 3308 748 3357 et
764 3317 821 3370 qun
840 3305 900 3358 iniis
919 3311 987 3371 erst,
1001 3309 1087 3372 quob
1103 3323 1149 3362 uec
1165 3311 1230 3364 inter
1272 3265 1275 3326 A

269 3413 276 3427 ,
1273 3387 1275 3416 Ι

164 3381 280 3500 θθέξῗῇο
293 3447 402 3512 simplici
417 3448 597 3509 fornicatione,
609 3449 635 3498 ei
645 3447 747 3510 cuidem
760 3448 827 3498 inter
841 3446 953 3500 Gentiles
961 3438 1036 3501 odos
1047 3449 1191 3516 &eumin
1202 3457 1226 3504 et
1272 3421 1275 3565 i

161 3519 193 3570 ab
205 3522 265 3584 ipsis
277 3521 353 3568 etiam
365 3518 523 3583 Philosophis
535 3517 622 3568 habits
632 3531 679 3580 pro
690 3517 855 3570 indifferenti.

191 3589 227 3639 lie
243 3591 319 3652 igitur
337 3587 461 3638 Corinthii
472 3625 479 3649 ,
492 3589 507 3638 i
519 3587 660 3639 Gentilibus
672 3587 830 3651 Philosophis
846 3587 960 3651 seducti,
973 3591 1096 3652 putcrcnt
1107 3590 1178 3642 idem
1195 3594 1225 3644 ds

162 3658 343 3718 fornicatione,
354 3669 384 3707 uc
397 3657 428 3707 de
438 3657 525 3709 litibus
538 3671 609 3720 esse,
625 3658 736 3718 scilicet,
749 3657 826 3709 licere
840 3657 958 3721 quidem,
969 3658 1016 3710 sed
1026 3672 1081 3710 non
1091 3662 1208 3724 expedire
1214 3685 1224 3725 5

85 3791 86 3794 Ἴ
162 3731 228 3779 iuter
239 3733 376 3790 utrumque
391 3727 526 3779 discrimen
538 3728 648 3779 ostendit
658 3725 807 3790 Apostolus,
823 3728 930 3780 dicensi

112 3799 118 3814 ·
195 3796 291 3856 Corpus
302 3801 385 3845 cutem
397 3809 448 3844 ccc
458 3795 631 3858 fornicationi,
639 3795 736 3846 scilicet
748 3795 902 3847 dmdnntum
913 3800 966 3858 ost,
977 3799 1045 3847 deut
1057 3803 1149 3851 venter
1161 3805 1222 3852 escis

162 3863 314 3925 cuqueudls;
326 3864 398 3925 quusi
411 3862 506 3913 diceret
519 3880 526 3913 r
539 3864 594 3914 lton
614 3865 670 3915 ideo
681 3864 817 3916 formatum
832 3869 871 3916 est
885 3872 977 3931 'corpus
987 3870 1123 3930 noenum,
1137 3874 1166 3920 nt
1176 3872 1221 3921 tor·

162 3928 286 4050 {mm
295 3933 381 3993 rocet3
389 3929 433 3982 sed
443 3932 473 3982 ui
481 3929 617 4003 tumuletur
627 3933 743 3986 bomine
751 3934 802 3990 Sed
813 3936 920 3991 bonico
932 3943 957 3990 ct
970 3937 1095 3993 boum
1105 3940 1220 4005 motis

248 4026 256 4056 ,
359 4045 362 4050 .
