2559 4450
288 337 455 395 TRIPLEX
472 338 694 396 uxaosi'rio.
713 340 799 406 ΰΑῑ).Ι
815 343 838 396 i.
1039 343 1093 424 25}

62 436 105 486 io.
113 432 244 489 Obsecro
252 438 347 488 autem
357 433 475 500 rosim·
526 433 575 484 vos
587 437 691 497 autem,
702 434 807 496 iratres,
819 435 921 487 obsecro
939 448 984 502 per
998 448 1091 489 nomen

32 515 82 562 ties
92 551 99 573 ‚
111 525 165 578 pe.-
176 525 285 566 nomen
292 512 401 566 pompm
410 527 475 566 nos·
494 503 596 554 bomini
608 508 689 556 nostri
700 505 758 556 Jcsu
769 507 876 568 Christi,
888 511 917 558 ut
926 520 1014 558 omnes
1025 507 1093 558 idem
1131 521 1135 526 ·

33 588 63 638 „j
84 591 150 642 103„
164 589 270 642 Christi
303 595 336 642 m
350 589 472 656 jffipsum
495 573 638 633 dicatls‚et
652 587 704 624 nou
721 578 810 625 sintin
825 575 1091 636 robisd1ssensiones;

33 664 125 717 dicatis
149 679 255 719 omnes
276 629 284 655 '
291 673 320 721 et
337 681 397 720 non
417 668 473 720 sim
494 642 538 690 sed
547 645 600 690 tam
611 643 722 704 perlecta
733 646 765 692 sit
779 645 922 706 concordiis,
933 650 963 695 ut
976 648 1092 696 omnium

33 743 57 793 in
68 743 147 796 vobis
158 706 312 799 κώδια
325 761 333 776 ,
344 745 405 798 mis
422 760 474 799 w-
495 710 608 761 restrum
616 709 704 762 eadem
715 713 748 762 sit
758 724 844 774 mens,
856 711 944 763 eadem
957 715 1091 766 sententia.

34 828 82 873 tem
92 821 213 889 perfecti
222 824 252 876 in
267 825 367 877 codem
376 837 470 891 seusu,

33 905 55 951 et
66 899 94 951 in
106 901 210 955 eadem
224 902 371 957 sententia.

34 1012 1088 1039 Ἥ..-

59 1084 202 1146 Baptismus
214 1088 301 1148 itaque
314 1089 413 1137 vocatio
427 1091 465 1138 est
478 1088 510 1138 ad
523 1091 684 1150 societatem,
696 1090 866 1148 consortium,
879 1091 1089 1140 communicatio-

35 1164 87 1200 nem
104 1153 241 1204 filiationis
262 1155 370 1215 divina,
388 1156 546 1207 hereditatis
557 1162 674 1219 ctemae,
693 1160 810 1210 omnium
823 1158 868 1207 liei
885 1158 1011 1208 bonorum
1025 1159 1090 1208 trui-

35 1226 102 1272 tionis
114 1227 219 1274 marnac
235 1237 296 1275 cum
308 1225 416 1276 Christo.

59 1293 104 1340 Sed
119 1292 185 1354 quial
200 1306 291 1343 secum
308 1296 429 1358 importat
445 1295 500 1346 hacc
513 1297 628 1356 vocatio,
645 1300 670 1346 et
685 1296 718 1346 ad
731 1297 792 1360 quid
804 1299 940 1360 astringit?

60 1362 89 1410 lit
99 1365 166 1413 sicut
180 1377 243 1414 sum
256 1364 348 1414 Christi
361 1367 523 1427 membrum,
540 1366 632 1416 Christi
647 1379 751 1430 corpus;
763 1369 799 1417 sic
813 1371 838 1416 et
850 1367 881 1416 de
893 1368 984 1429 spiritu
996 1365 1089 1418 Christi

36 1433 127 1494 riram;
149 1436 246 1498 spiritu
266 1434 359 1485 Christi
377 1437 405 1485 iu
424 1437 489 1485 meis
501 1437 644 1487 actionibus
657 1440 682 1485 ct
695 1437 852 1498 passionibus
864 1439 963 1486 animer
975 1455 982 1486 ι
997 1437 1088 1488 Christi

36 1513 122 1562 nores,
138 1505 222 1553 uitam
235 1506 260 1552 et
275 1504 387 1567 exempla
400 1506 500 1564 imiter,
513 1508 596 1555 socius
607 1507 658 1555 sim
669 1508 694 1554 et
707 1517 810 1555 consors
820 1507 961 1556 sanctitatis
973 1505 1066 1556 Christi
1080 1523 1087 1554 r

39 1571 114 1620 Sancti
128 1577 216 1633 estote,
232 1572 248 1622 b
260 1573 396 1624 Christiani
407 1576 414 1623 l
425 1578 554 1624 consortes
565 1577 631 1636 mel,
648 1576 872 1638 susceperamus
881 1589 939 1626 sum
948 1595 958 1625 .·
968 1573 1020 1636 qus
1032 1575 1089 1638 plus

38 1644 109 1689 sancti
120 1679 127 1702 ,
140 1641 172 1692 eb
189 1643 251 1706 plus
265 1646 291 1692 et
309 1648 438 1694 consortes
454 1645 516 1694 mei.

62 1710 149 1762 Omnes
163 1713 286 1775 baptisati
299 1713 332 1763 sle
349 1718 467 1764 societate
480 1713 583 1783 quidem
594 1718 655 1765 sunt
665 1715 721 1765 Filii
733 1715 790 1776 liei,
802 1716 846 1766 sed
857 1715 915 1779 plus
927 1717 972 1764 aut
985 1717 1088 1774 minus,

38 1779 98 1834 juria
116 1783 242 1843 majorem
259 1787 305 1834 sut
320 1785 446 1832 minorem
459 1784 562 1846 spiritus
573 1788 598 1833 et
613 1787 698 1846 gratias
709 1785 801 1836 Christi
811 1786 1048 1848 participationem,
1063 1788 1089 1834 et

37 1848 98 1903 insta
110 1853 236 1911 majorem
249 1857 294 1901 aut
306 1853 432 1901 minorem
444 1854 503 1900 ritae
516 1851 608 1902 Christi
620 1855 727 1902 internas
743 1856 768 1902 et
780 1860 887 1904 externa
898 1855 1074 1904 imitationem.

64 1916 115 1966 iisse
126 1920 213 1981 itaque
229 1920 333 1983 spiritus
342 1920 436 1970 Christi
449 1922 549 1970 interna
560 1923 737 1984 participatio,
753 1921 807 1972 haec
822 1921 915 1972 Christi
931 1923 990 1972 vitae
1002 1923 1089 1970 imita-

40 1988 84 2045 tio,
98 1992 178 2041 totum
189 1991 266 2041 (lebet
277 2003 331 2040 esse
343 1991 456 2041 studium
467 2004 567 2052 meum,
579 1992 733 2041 desiderium
743 2003 844 2051 meum,
859 1997 948 2041 uotum
960 2004 1057 2040 meum.

64 2055 81 2104 0
93 2057 155 2110 Deus
165 2063 327 2122 misericors,
337 2059 404 2110 lions
415 2059 541 2121 clemens,
557 2063 601 2122 qui
612 2073 654 2109 me
665 2062 821 2109 immeritum
832 2059 864 2108 orl
875 2059 1020 2110 societatem
1031 2057 1087 2108 Filii

42 2127 72 2172 tui
85 2128 190 2191 vocasm
209 2131 245 2180 ds
266 2130 347 2190 mihl,
361 2129 422 2179 licet
436 2129 554 2190 indigno,
571 2129 683 2188 eiusdem
695 2127 751 2178 Filii
769 2131 807 2178 tui
821 2129 1046 2190 spinturnicem,
1062 2130 1088 2178 ot

43 2194 62 2242 in
75 2199 186 2251 omnibns
196 2203 301 2262 vivere;
313 2203 342 2250 ut
352 2211 394 2250 me
405 2199 495 2263 spiritu
508 2198 600 2249 Christi
611 2199 754 2249 animatum
764 2202 790 2249 ct
801 2197 928 2249 virentem
940 2197 1088 2260 Christoque

42 2264 163 2330 indutum,
176 2273 300 2333 agnoscas
319 2282 365 2332 pro
381 2268 451 2330 tilio,
463 2273 489 2318 et
500 2271 527 2317 in
542 2270 601 2319 sinu
614 2270 678 2328 tuo,
692 2271 720 2317 ut
735 2266 835 2328 lilium,
855 2270 962 2331 recipias
975 2269 1002 2317 iu
1014 2272 1087 2319 eter-

43 2346 103 2385 num.
114 2338 204 2392 Amen.

68 2429 101 2474 iti.
116 2428 218 2480 Obsecro
231 2434 317 2479 cuum
326 2442 385 2489 sos,
402 2429 504 2493 nobes.
514 2428 570 2478 lluc
580 2438 661 2489 usquo
670 2426 789 2489 praeiatus
801 2430 839 2476 est
848 2425 981 2489 Apostolus
991 2428 1017 2476 et
1027 2428 1087 2489 qui-

44 2492 90 2542 lrrn
103 2495 241 2549 honorilice
253 2511 261 2547 c
274 2502 334 2560 quia
344 2500 424 2548 totam
434 2497 575 2549 Ecclesiam
591 2496 792 2558 Corinthiacum,
808 2498 836 2545 in
848 2508 898 2557 qus
908 2495 1050 2559 spirituales
1062 2499 1088 2545 et

44 2563 132 2620 perlecti
143 2568 246 2631 plures,
261 2568 386 2618 allocutus
396 2571 443 2618 est.

68 2634 98 2682 tib
114 2636 159 2687 hos
175 2651 235 2701 ergo
253 2637 413 2700 perfectiores
429 2640 509 2687 totam
524 2634 638 2686 laudarit
656 2633 794 2685 Ecclesiam
806 2674 813 2695 ,
827 2636 858 2685 de
873 2638 959 2698 parte,
973 2636 1044 2696 quasi
1056 2635 1088 2685 de

45 2706 87 2751 toto
96 2704 211 2770 loquens,
223 2710 260 2757 ait
270 2708 300 2757 l).
313 2707 485 2769 Augustinus3
497 2710 565 2756 sicut
576 2711 602 2756 et
612 2711 698 2769 postea
709 2706 788 2755 malos
799 2707 911 2767 ejusdem
925 2706 1042 2755 Ecclesiae
1052 2708 1088 2756 ita

46 2776 210 2840 reprehendet,
221 2779 294 2839 quasi
309 2789 397 2827 omnes
411 2780 496 2826 essent
505 2776 643 2839 culpabiles
653 2813 661 2836 ,
673 2778 701 2825 ut
713 2776 782 2825 idem
792 2775 822 2825 tt.
838 2774 992 2837 Augustinus
1002 2789 1087 2841 enno-

46 2844 104 2891 iarit.
115 2845 161 2907 llp.
178 2850 217 2899 is.
231 2859 258 2908 q.
273 2850 299 2897 6.

70 2910 194 2975 Postquam
206 2916 353 2978 srgobonis
366 2918 391 2966 et
407 2915 522 2976 benignis
536 2915 619 2965 verbis
633 2927 708 2965 aures
720 2915 909 2965 Corinthiorum
921 2918 1087 2979 pruparsrm

47 2991 103 3029 nnnc
114 2989 300 3037 accusationem
319 2988 427 3049 incipit;
444 2998 498 3035 non
516 2997 574 3034 eam
589 2988 676 3035 tamen
692 2985 787 3035 nudam
807 2986 943 3045 inducens,
954 2987 999 3037 sed
1014 2988 1087 3037 obss·

47 3052 169 3103 cretionem
184 3060 209 3105 et
220 3056 418 3105 admonitionem
429 3056 593 3117 premittens.
608 3054 725 3111 Obsecro,
738 3054 917 3104 Theodoretus.
997 3056 1000 3062 '

72 3123 114 3172 Per
121 3140 208 3179 nomm
219 3131 321 3182 Domini
332 3131 412 3181 nostri
423 3131 483 3178 lesu
496 3129 595 3178 Cirristi.
607 3128 778 3177 Obsecrationi
792 3128 859 3175 recte
869 3126 984 3189 adjungit
994 3142 1088 3181 nomen

48 3186 132 3244 bonini
150 3201 229 3249 nostri
244 3198 303 3249 lesu
316 3198 425 3259 Christi,
438 3201 475 3247 ait
492 3198 559 3247 idem
577 3196 746 3255 Tiuodoretus
761 3214 767 3244 ι
786 3195 811 3243 id
827 3198 896 3248 enim
910 3202 963 3245 erat
975 3198 1042 3258 quod
1055 3199 1089 3247 sb

49 3258 286 3334 testimomonium,
303 3271 364 3331 quia
379 3269 439 3319 crim
451 3270 576 3330 oporteret
590 3278 633 3315 eos
653 3264 685 3314 ab
703 3268 756 3327 ipso
769 3263 903 3327 appellari,
919 3265 934 3313 a
953 3268 1006 3317 suis
1021 3280 1087 3329 prs·

49 3329 170 3385 silentibus
180 3337 396 3389 denominationes
411 3337 592 3393 assumebant„

75 3403 99 3451 iit
112 3406 220 3471 idipsum
237 3414 327 3462 dicatis
341 3426 440 3471 omnem
453 3411 480 3460 iri
498 3415 549 3471 est,
571 3409 639 3459 idem
655 3408 754 3457 dicatis.
766 3407 822 3470 Syr.
835 3410 864 3456 ut
877 3410 911 3457 sit
926 3422 993 3459 unus
1004 3422 1088 3463 sermo

50 3471 107 3521 reiis
120 3482 250 3543 omnihus;
266 3486 292 3530 st
313 3494 365 3531 non
384 3482 437 3532 sint
456 3483 586 3531 intervos
605 3478 721 3540 iissioia;
738 3478 781 3529 scd
799 3480 828 3526 ut
846 3480 901 3528 sitis
918 3478 1022 3543 perlecti
1034 3482 1086 3531 una

50 3545 135 3605 oronte,
147 3550 246 3613 unaque
258 3551 392 3601 sententia.

74 3608 211 3677 intelligitur
222 3631 280 3681 ergo
292 3619 412 3681 perfectio
425 3620 531 3669 unitatis
544 3638 552 3668 s
566 3620 620 3669 sitis
632 3618 757 3680 compacti
771 3618 798 3666 in
811 3617 899 3669 eadem
918 3622 1003 3669 mente
1020 3622 1045 3668 et
1059 3621 1086 3670 iu

51 3675 125 3727 oriem
136 3690 272 3749 sententia;
288 3686 427 3751 Theophyl.
440 3690 511 3749 qnasi
523 3686 635 3737 discreta
647 3686 767 3735 Omnium
778 3687 890 3737 vestrum
906 3690 939 3737 sit
952 3688 1020 3737 idem
1030 3690 1086 3739 sni·

52 3752 113 3822 nos,
125 3750 189 3805 llam
207 3760 337 3818 sentiatis,
354 3757 472 3820 idemque
486 3758 584 3807 diceus.
976 3748 990 3775 ⁶

77 3813 151 3894 bitum
164 3828 221 3877 esus
235 3840 324 3877 omnes
342 3829 371 3877 in
391 3827 507 3888 Christo,
527 3829 599 3887 Juxta
618 3838 647 3874 n.
661 3829 685 3875 9.
707 3838 765 3888 ergo
781 3831 807 3877 st
821 3830 888 3877 inter
903 3841 947 3879 ros
962 3842 1044 3880 unum
1059 3834 1088 3883 in

54 3877 226 3946 ttorstoestots.
235 3896 321 3947 linum
330 3898 469 3959 mysticum
479 3895 571 3945 Christi
581 3906 673 3957 corpus
682 3896 740 3945 estis
751 3913 757 3944 :
771 3908 859 3947 omues
869 3907 926 3959 ergo
936 3900 960 3947 st
971 3902 1094 3951 omnium.

55 3954 234 4086 :afflatuue
250 3967 285 4016 sit
303 3966 406 4016 animus
425 3984 433 4016 s
454 3966 588 4016 unanimes
603 3966 701 4013 estote:
716 3964 783 4015 idem
798 3965 869 4017 robis
888 3968 920 4017 sit
936 3968 1106 4031 intelligere„
