2559 4450
294 221 462 303 6616166
479 217 702 307 6116666616.
721 251 803 308 cio.
823 251 874 310 rx.
1061 223 1112 316 111

52 351 128 392 seusu
147 337 267 402 iliterali,
286 343 339 392 slve
356 344 384 393 ln
402 357 478 394 sensu
491 343 637 408 allegorico,
655 346 686 398 de
696 347 746 400 hac
761 352 818 412 agat
833 345 1051 414 predestinatione
1069 350 1114 400 aul

52 409 235 532 reprobatitgnie.
245 411 357 467 76666616
371 412 419 467 hos
429 417 592 478 textus,sire
612 417 640 467 in
656 417 768 482 auuiysl,
782 419 836 468 sive
847 419 874 468 iu
885 415 1002 482 paraph,
1021 419 1074 470 siro
1085 419 1114 471 io

53 494 167 532 commen
195 495 245 533 66.

79 551 143 611 Sed,
152 553 268 613 laquies,
279 549 413 615 Apostolus
422 555 474 615 agit
484 566 513 606 ex
527 555 553 604 tc
565 554 597 605 16
608 557 689 618 gratia
702 573 708 605 =
722 567 779 619 ergo
791 557 816 606 61
829 555 860 606 16
872 555 959 618 gloria.

78 620 169 671 Fateor
184 620 253 682 quoi
267 619 401 684 Apostolus
419 635 496 684 agens
515 623 547 673 de
559 627 657 687 666116,
669 637 700 674 ex
714 627 877 688 consequenti
895 629 953 686 agat
974 624 1005 676 16
1017 623 1113 688 gloriar

50 694 175 750 quatenus
193 703 257 752 quos
275 691 342 742 11666
360 692 867 758 166616166611661,611661111661,666
885 693 917 744 ad
934 692 1014 744 alium
1035 693 1114 746 linem

50 760 159 810 destinat
171 761 249 822 quim
262 760 295 811 ad
308 760 422 824 gloriam.
1029 811 1033 819 .

77 830 127 879 Sed
137 831 206 880 sicut
219 843 321 881 6666666
332 843 385 881 666
398 836 435 881 cst
446 831 534 883 eodem
545 831 621 883 modo
632 833 732 896 disponi
745 837 771 886 et
785 835 897 885 ordinari
910 837 1064 896 utrumque,
1077 834 1113 885 ita

50 905 75 948 ui
86 901 121 950 ad
132 899 240 963 gloriam
254 903 281 950 61
292 903 400 963 milam
411 914 463 952 una
481 905 514 952 611
527 905 592 953 ratio
607 903 770 966 perveniendi
783 923 790 954 z
803 905 838 953 iia
850 916 952 954 neccsse
964 916 1015 954 nou
1028 906 1065 953 est
1083 903 1113 954 de

49 983 98 1018 uno
112 972 287 1040 argumentari
303 973 371 1021 sicut
390 971 421 1021 de
436 970 528 1033 altero,
545 985 589 1022 seu
607 985 637 1022 ex
651 973 759 1036 gratuiti
774 974 860 1038 gratia
872 973 1005 1024 collatione
1020 971 1114 1026 1616666

48 1042 185 1103 gratuitam
200 1041 396 1093 destinationem
408 1041 441 1092 ad
453 1040 569 1105 gloriam.

75 1130 256 1182 consecranti
265 1143 300 1180 rx
313 1143 403 1180 616616.
415 1131 509 1194 colligo
522 1131 635 1195 priuatim
645 1135 735 1195 preter
746 1135 858 1182 mentam
870 1129 980 1196 Apostoli
990 1130 1112 1194 quosdam

48 1199 125 1260 hujus
145 1212 202 1261 cap.
218 1202 301 1250 textus
314 1201 420 1263 intelligi
440 1202 472 1251 de
484 1205 593 1264 graimta
611 1204 832 1266 predestinatione
850 1203 884 1254 ad
901 1203 1025 1266 gloriam,
1041 1205 1067 1252 et
1081 1201 1112 1254 do

47 1270 224 1330 reprobatione
234 1269 267 1320 ab
285 1268 329 1320 illa
336 1306 345 1332 ,
359 1270 494 1333 dequibus
506 1285 558 1322 uon
571 1274 624 1334 agit
635 1271 777 1336 Apostolus.
788 1271 897 1324 (1666616
916 1270 990 1323 daal.
1004 1271 1111 1337 Paraplr.

46 1340 191 1395 Commeat.
413 1382 419 1391 .

75 1409 172 1471 Collige
189 1408 301 1460 6666611
318 1410 466 1473 opinionem
478 1410 510 1460 de
523 1413 633 1472 gratuita
646 1411 865 1475 predestinatione
878 1410 910 1460 ad
923 1409 1028 1472 gloriam
1039 1446 1046 1471 ,
1059 1423 1111 1464 non

47 1481 80 1527 ita
96 1483 196 1532 certam
210 1491 265 1531 esse
276 1492 308 1530 ae
319 1479 456 1542 ailquaudo
466 1483 564 1542 putavi.
575 1481 636 1530 Vidc
649 1495 704 1544 cap¹
717 1481 807 1532 116611.
823 1481 907 1542 dogm.
923 1494 950 1530 n.
964 1483 1058 1541 2119,
1071 1483 1111 1535 111.

47 1552 134 1609 utpote
147 1561 205 1610 qua
217 1550 247 1601 in
261 1547 332 1600 nullo
345 1547 445 1598 formali
461 1553 486 1598 et
499 1561 614 1610 cupresso
626 1550 762 1614 Scriptura
781 1553 850 1600 161116
871 1549 975 1609 lundata
992 1547 1110 1612 uidetur,

46 1618 87 1666 sed
106 1617 141 1668 ad
158 1632 291 1670 summum
311 1620 339 1669 iu
354 1617 505 1680 quibusdam
519 1619 632 1670 obscuris
647 1623 672 1670 61
685 1623 775 1684 preter
788 1623 901 1671 mentem
911 1617 1022 1682 Apostoli
1034 1617 1111 1670 intel·

47 1687 127 1738 loctis.
140 1687 181 1738 Sic
193 1691 263 1738 euim
275 1690 412 1742 ratiocinor
425 1706 434 1740 t

74 1759 101 1808 Si
117 1771 170 1820 qua
180 1760 267 1822 opinio
277 1758 390 1820 indigeat
408 1760 435 1808 iu
451 1757 526 1810 claris
539 1762 564 1810 ct
580 1762 701 1824 expressis
716 1760 852 1825 scripture
870 1759 979 1810 textibus
992 1756 1110 1818 landari,

45 1829 156 1879 maxima
166 1829 222 1879 laec
233 1829 265 1880 de
275 1829 494 1893 predestinatione
502 1830 545 1880 Dei
556 1830 713 1892 adgloriam,
721 1835 780 1881 anta
791 1832 894 1894 provisa
906 1830 991 1878 omnia
1000 1828 1090 1878 merita
1101 1842 1110 1878 a

45 1904 69 1948 et
81 1904 169 1950 tamen
181 1899 285 1951 tanttim
294 1899 365 1950 abest
376 1898 491 1951 61616616
502 1905 527 1950 ct
543 1903 665 1964 expressis
681 1901 789 1950 textibus
802 1899 856 1949 hec
869 1899 955 1962 opinio
972 1895 1109 1960 tundetur,

47 1972 114 2019 6116
123 1969 211 2030 nullo,
222 1969 264 2020 rel
275 1969 337 2021 6661
350 1971 378 2019 16
391 1970 505 2020 obscuris
517 1971 618 2022 tuatim
630 1970 735 2024 lundata
746 1969 870 2020 videatur.

74 2039 232 2100 1166166161
244 2039 289 2092 bic
300 2039 378 2091 velim
394 2041 571 2092 animadverti.

74 2111 215 2161 Anemine
227 2112 313 2171 negari
332 2113 430 2173 potest,
448 2113 512 2170 quin
531 2110 559 2160 hi
578 2111 662 2159 textus
675 2109 701 2158 S.
718 2106 790 2159 Pauli
803 2107 834 2158 da
853 2105 921 2157 Esau
931 2106 959 2154 et
973 2101 1049 2154 Jacob
1059 2139 1067 2162 ,
1078 2101 1110 2154 de

46 2178 114 2240 figuli
125 2178 305 2241 similitudine,
315 2183 340 2229 et
348 2179 391 2229 alii
403 2179 475 2232 valde
487 2183 548 2230 sunt
558 2178 659 2229 obscuri
672 2178 752 2241 (hanc
763 2177 942 2228 obscuritatem
955 2173 1110 2228 demonstrat

45 2252 98 2311 ipsa
105 2250 283 2312 teatdsiectio,
290 2254 317 2300 et
326 2253 396 2301 66616
403 2251 601 2314 explicationem
612 2248 744 2299 diversitas
753 2246 809 2311 );ct
817 2252 903 2297 161666
914 2248 941 2297 16
951 2246 992 2295 his
1001 2244 1110 2295 1611111166

45 2321 161 2371 obscuris
177 2321 304 2384 precipui
318 2321 439 2373 16616166
457 2322 574 2373 doctrine
586 2318 618 2369 dc
628 2321 739 2380 gratuite
754 2317 972 2385 predestinatione
984 2318 1010 2365 et
1024 2327 1110 2379 repro-

45 2389 166 2451 batione,
181 2392 237 2443 siue
249 2392 363 2453 prouisis
380 2392 478 2442 meritis
490 2394 536 2441 661
547 2390 685 2441 demeritis.

73 2463 168 2524 Opinio
187 2462 248 2513 6661
264 2462 525 2515 66616661616616166
538 2474 590 2514 non
601 2461 741 2511 1661116116
755 2459 836 2513 multo
852 2458 1013 2518 clarioribus,
1025 2455 1069 2509 sed
1084 2458 1109 2509 61

44 2532 256 2595 expressioribus,
273 2544 300 2583 r.
310 2544 336 2595 g.
347 2533 413 2583 Deus
423 2532 481 2583 61111
491 2544 574 2583 omues
586 2528 874 2592 mercaverat,
886 2526 1032 2592 6161116661
1044 2526 1109 2578 cita·

45 2603 76 2652 bu
81 2606 143 2653 6161·
156 2600 233 2653 infra.

91 2728 243 2779 (1661666616.
257 2727 325 2790 occid
336 2726 418 2792 1611116
429 2727 459 2777 16
470 2725 517 2777 boc
530 2727 756 2791 praedmiaotioot's
772 2726 890 2793 mysterio
901 2724 1063 2779 6611166166.

74 2852 163 2901 Sentio
176 2849 259 2913 primd
273 2849 336 2900 iilud
347 2862 402 2900 csse
417 2849 521 2900 cuilibet
531 2848 632 2900 mortali
645 2851 821 2903 absconditum
832 2854 858 2901 61
870 2848 1069 2917 impenetrabile.

72 2923 127 2971 Hoc
139 2920 208 2970 idem
221 2922 312 2969 sentiet
324 2933 442 2981 mecum,
452 2924 496 2982 qui
507 2919 637 2973 advertere
651 2920 760 2971 voluerit
772 2924 937 2984 questionem
948 2932 1065 2971 6666666
1077 2917 1109 2971 da
1126 2958 1129 2963 .

43 2989 175 3053 possibili,
187 2990 275 3039 6161166
286 2989 352 3040 Dens
367 2991 479 3053 potuerit
500 2989 598 3052 aliquos
610 2990 701 3057 eligere
720 2994 795 3052 ante,
814 2992 912 3053 aliquos
929 2994 985 3055 post
1002 2990 1108 3055 6661166

43 3063 135 3109 1666116
144 3080 152 3121 ;
162 3063 261 3109 constat
270 3062 340 3109 enim
351 3059 419 3121 quoi
430 3063 566 3121 atrumque
574 3072 620 3123 pro
633 3060 706 3110 llbito
716 3063 826 3123 potuerit
838 3080 845 3109 ε
858 3060 901 3109 661
911 3062 1016 3122 questro
1029 3061 1066 3106 est
1077 3056 1108 3110 de

43 3130 128 3190 lacto,
142 3141 176 3177 au
188 3126 286 3179 scilicet
300 3128 366 3178 11666
381 3128 479 3190 aliquos
495 3129 629 3179 ellicacitcr
645 3128 1108 3190 616666116161661616,66166616661

42 3202 195 3249 meritorum
206 3200 395 3262 praevisionem
404 3202 429 3248 61
437 3198 487 3249 boc
495 3198 591 3249 lactum
600 3199 681 3249 sentio
692 3197 765 3247 nobis
775 3196 922 3251 mortalibus
931 3195 1108 3251 absconditum

42 3274 66 3317 ct
81 3266 284 3331 impenetrabile.

72 3339 148 3388 ilatio
159 3340 212 3399 est,
224 3340 284 3400 quia
294 3336 391 3387 tactum
402 3337 417 3387 i
428 3348 499 3387 mera
510 3340 535 3387 61
545 3340 638 3388 eterna
651 3334 696 3387 liei
706 3335 837 3388 uoluntate
849 3335 962 3401 pendens
977 3334 1050 3386 nobis
1065 3336 1107 3387 ln·

42 3415 174 3459 notescere
192 3422 245 3460 non
263 3412 358 3473 potest,
376 3411 426 3463 nisi
438 3422 483 3474 per
495 3407 694 3475 revelationem,
712 3409 761 3459 1166
778 3413 864 3458 autem
883 3408 978 3458 lactum
998 3420 1050 3458 666
1070 3408 1108 3462 est

42 3482 115 3529 nobis
127 3478 196 3529 clare
211 3484 237 3529 et
251 3477 365 3541 expresse
375 3478 515 3529 revelatum
527 3497 534 3529 6
548 3492 609 3529 nam
620 3478 739 3532 revelatio
750 3476 794 3527 liei
805 3476 837 3526 ad
848 3489 894 3527 nos
902 3474 1053 3528 emanatsel
1062 3488 1108 3539 per
1200 3513 1207 3527 .

42 3551 188 3611 Scripturas
202 3547 244 3599 rel
261 3560 306 3611 per
322 3547 485 3598 traditionem
503 3561 512 3597 r
527 3548 571 3597 sed
583 3560 667 3611 neque
683 3548 826 3612 Scriptura,
838 3559 920 3613 neque
934 3547 1036 3598 traditio
1053 3556 1108 3597 6666

42 3619 110 3667 clare
130 3621 157 3667 et
170 3616 285 3681 expresse
302 3615 411 3681 explicat
426 3618 495 3667 circa
514 3616 565 3667 1166
577 3616 692 3678 laetum;
709 3619 803 3667 etenim
818 3618 840 3667 si
852 3629 924 3667 sacra
939 3617 1068 3680 Scriptura
1079 3618 1107 3669 16

42 3688 171 3749 aliquibus
189 3686 252 3738 locis
267 3688 385 3749 gratuite
395 3686 610 3749 predestinationi
621 3687 706 3737 lavere
721 3686 838 3750 ridetur,
848 3689 875 3739 iu
887 3687 943 3737 aliis
954 3686 992 3737 illi
1006 3684 1108 3738 ridetur

42 3758 235 3819 contradicere,
247 3760 276 3806 ut
286 3757 416 3821 apparebit
430 3758 458 3808 ln
469 3754 532 3807 locis
544 3755 610 3807 inira
621 3756 747 3808 citandis:
761 3758 847 3821 stoque
858 3756 922 3808 nibil
935 3756 1039 3808 6166166
1051 3768 1106 3808 666-

42 3833 98 3876 tum
113 3830 139 3877 61
152 3830 272 3877 66661666
285 3828 317 3877 ab
329 3828 360 3877 61
372 3838 507 3891 possumus
518 3826 568 3877 1166
583 3829 611 3877 16
626 3838 654 3877 66
670 3825 777 3877 6166661.

73 3898 116 3947 Sic
133 3899 211 3947 etiam
227 3896 324 3950 incerta
342 3899 381 3946 est
398 3896 517 3960 traditio;
528 3908 589 3946 nam
607 3896 689 3946 666611
702 3894 788 3947 Patres
805 3898 830 3948 et
847 3893 1106 3949 (16661116616661166

43 3967 141 4018 lactura
160 3978 215 4016 nou
224 3967 398 4018 »consentiunt
406 3983 415 4032 ς
432 3966 477 4018 661
491 3965 570 4031 aliqui
587 3964 731 4031 6116111661,
749 3966 794 4019 aiii
808 3968 902 4043 negant
909 3986 919 4041 p
933 3964 984 4031 imi
998 3966 1105 4027 6111666
