2559 4450
465 231 978 308 ¹anianonnttottotntuos
1020 311 1024 316 ,

204 451 1271 490 mmmmm

348 641 638 729 ANALYSIS
665 638 1122 758 CAPITISSEXTI·

203 965 328 1063 Omni
338 997 651 1054 aminnincnutem
666 1001 765 1052 contra
777 996 853 1052 ncta
871 992 902 1050 tn
917 991 1055 1064 superiori
1067 992 1161 1062 apin
1176 994 1205 1064 a.
1221 997 1266 1056 πο,

202 1086 353 1154 multisque
365 1084 465 1152 probat
476 1082 646 1148 christiano,
660 1096 719 1136 non
730 1082 816 1136 modd
829 1094 888 1134 non
899 1079 1092 1148 peccandum,
1105 1079 1158 1136 sed
1171 1079 1202 1132 in
1210 1079 1268 1147 jus-

203 1170 262 1224 titia
272 1184 322 1237 per
335 1169 474 1223 Christum
485 1166 599 1233 accepta
606 1166 845 1233 perseverandum
856 1170 884 1218 et
892 1163 1088 1219 crescendum.

237 1252 391 1308 Christiano
406 1264 463 1305 non
474 1249 649 1318 peccandum
658 1257 716 1319 est;
732 1250 790 1304 imb
807 1248 978 1304 Christianus
989 1247 1025 1301 ad
1037 1259 1153 1301 omnem
1164 1247 1265 1316 peccati

203 1338 409 1406 suggestionem
425 1335 509 1390 debet
522 1334 692 1389 insensibilis
705 1348 768 1388 esse
785 1352 792 1388 :
807 1332 916 1402 quare?
928 1333 995 1401 quia
1005 1336 1121 1400 peceato
1141 1339 1265 1386 mortuus

203 1428 245 1476 est
256 1423 285 1474 in
297 1421 449 1487 baptismo,
463 1419 528 1486 qnia
545 1423 587 1471 est
600 1418 699 1472 mortis
709 1419 811 1472 Christi
821 1425 904 1486 typus
915 1422 943 1470 et
955 1415 1142 1484 participatio.
1153 1418 1183 1486 l.
1199 1420 1230 1479 2,
1241 1420 1262 1467 5.

235 1505 408 1560 Christianus
426 1502 510 1556 debet
526 1503 556 1555 in
570 1501 679 1569 institit
697 1513 891 1571 perseverare,
910 1507 939 1554 et
961 1500 1097 1554 continue
1111 1501 1263 1568 proficere:

202 1603 289 1657 quare
299 1586 387 1654 lquia
398 1586 427 1637 in
438 1586 592 1652 baptismo,
606 1587 654 1653 qni
668 1592 711 1640 est
724 1594 807 1655 typus
819 1591 847 1640 et
862 1585 1037 1653 participatio
1054 1584 1263 1639 resurrectionis

201 1672 316 1736 Christi,
330 1669 573 1734 resurrexit‚utin
584 1671 706 1724 novitate
717 1669 867 1738 spiritualis
879 1670 941 1722 vitae
952 1668 1075 1722 ambulet
1087 1673 1115 1722 et
1128 1669 1271 1735 proficiat.

202 1757 229 1824 j.
241 1760 269 1810 t.
280 1758 340 1809 lino
353 1755 446 1823 ipsum
457 1753 603 1808 confirmat
613 1755 729 1822 pulchrd
741 1754 922 1810 similitudine
935 1753 1144 1808 inoculationiu.
1159 1754 1188 1823 j.
1202 1756 1227 1807 5.
1239 1758 1271 1805 et¹

201 1853 236 1894 ex
246 1839 470 1894 consideratione
485 1837 549 1890 linis
560 1838 702 1904 baptismi.
712 1839 740 1908 l.
755 1841 786 1904 6,
801 1842 832 1906 l,
842 1842 870 1894 8.

235 1925 264 1994 l.
277 1927 432 1989 9,10,11,
446 1923 567 1975 Alteram
580 1920 686 1974 indicat
698 1923 852 1990 rationem,
865 1922 903 1976 ob
914 1935 1000 1990 quam
1008 1920 1185 1977 Christianus
1201 1936 1261 1989 peo-

200 2023 329 2062 oarenon
337 2007 432 2073 debet3
440 2007 556 2062 sedbeo
564 2006 668 2072 vivere3
681 2008 747 2074 quia
755 2007 859 2062 seilicet
867 2047 876 2074 ,
885 2005 1009 2061 christus
1018 2005 1168 2061 Christiani
1176 2021 1260 2062 exem-

200 2095 274 2162 plar,
287 2093 433 2148 amortuis
444 2093 594 2146 suscitatus
603 2132 612 2158 ,
621 2106 680 2145 non
693 2092 812 2145 moritur
823 2089 957 2158 amptius,
972 2091 1023 2145 sed
1035 2096 1111 2144 totus
1122 2095 1183 2146 beo
1193 2093 1258 2144 vivit.

235 2179 319 2250 ο111.
333 2183 373 2234 Ex
383 2179 466 2235 dietis
478 2176 632 2243 concludit,
647 2175 725 2245 quod
736 2175 908 2233 Christianus
919 2189 972 2231 nee
989 2175 1090 2232 debeat
1100 2177 1210 2246 peccati
1222 2182 1259 2243 ty-

199 2263 311 2317 rannidi
322 2280 385 2319 nese
397 2247 646 2328 rursds‘subdene3
659 2275 711 2315 nec
720 2261 758 2315 illi
767 2267 885 2329 tyranno
897 2274 974 2315 arma
982 2262 1121 2331 praebere:
1135 2264 1187 2317 sed
1194 2266 1257 2325 Deo,

102 2355 112 2369 ·
200 2362 252 2401 sno
263 2349 332 2417 Regi
346 2354 374 2403 et
386 2348 570 2413 benefactori,
583 2346 681 2412 subdi,
702 2347 819 2411 servire,
839 2358 902 2401 sese
916 2350 1007 2399 totum
1027 2346 1105 2400 dare.
1124 2347 1150 2415 j«.
1169 2352 1213 2400 15.
1226 2350 1257 2396 bo

201 2436 302 2485 caetero
314 2432 394 2487 facile
407 2439 450 2486 est
458 2432 612 2486 Christiano
624 2430 698 2483 hanc
710 2430 817 2497 peceati
829 2420 1005 2499 tyrannidem
1013 2430 1116 2497 vitare3
1132 2432 1200 2503 quia
1213 2430 1257 2482 snb

200 2517 325 2571 dominio
336 2517 436 2572 Christi
454 2523 510 2581 est,
527 2515 576 2569 ubi
594 2512 718 2567 abundat
730 2514 826 2582 gratia.
839 2514 867 2583 l.
881 2518 926 2570 tt.

233 2605 279 2654 15.
291 2606 331 2654 Ex
338 2602 391 2654 bae
401 2597 572 2653 abnndantia
583 2596 679 2664 gmtiae
690 2596 788 2650 rursus
800 2598 885 2651 instat
894 2600 1051 2665 Apostolum
1064 2601 1108 2653 An
1122 2600 1187 2655 ided
1197 2615 1255 2667 pec·

199 2685 273 2738 eabit
283 2684 465 2747 Christianuo,
478 2680 545 2748 quia
558 2681 610 2733 suh
623 2679 733 2747 gratia?
747 2680 820 2747 inid,
833 2680 883 2735 Dei
900 2682 1110 2750 misericordia,
1129 2684 1145 2738 a
1157 2684 1254 2753 peccati
1269 2706 1270 2741 3

200 2767 331 2819 servitute
339 2765 426 2828 liber,
445 2765 529 2818 debet
540 2769 616 2818 totus
626 2766 684 2818 Deo
701 2766 818 2832 servire,
833 2764 913 2833 eujus
931 2782 981 2837 per
992 2768 1165 2835 baptismum
1176 2771 1253 2823 lactus

200 2854 355 2903 estservus.
366 2848 395 2917 l.
409 2850 459 2914 16,
473 2851 521 2914 11,
536 2851 581 2903 18.

199 2932 323 3073 0¹}ss
341 2934 387 2987 20.
400 2938 456 3003 fle.
476 2935 555 2990 Hane
570 2933 620 2990 bei
635 2933 799 2991 servitutem
815 2946 940 3009 aequam,
960 2934 1057 2991 utitem
1068 2940 1099 2991 et
1113 2940 1251 3013 gloriosam
