2559 4450
289 358 290 362 Ἰ
313 290 487 348 anihrax
504 294 731 352 Exposi'rlo.
749 296 833 354 chr.
851 296 915 356 xl.
1088 300 1144 357 Μ

91 386 139 437 3.
163 383 277 439 'l'radidi
298 388 375 441 mim
396 390 476 445 vohis
493 390 522 443 in
575 392 644 443 inter
654 394 780 457 proretpaa
798 395 885 445 autem
897 390 957 446 oder
974 393 1074 460 sapim,
1088 407 1145 446 serd

32 461 186 527 primis,
194 464 272 530 quod
283 469 311 518 et
326 467 421 534 accepi
435 484 442 521 :
455 482 523 537 quo·
545 475 620 512 mono
631 464 703 513 vohis
713 463 806 514 madidi
819 464 887 526 duod
898 467 924 514 tl
934 477 979 527 080
991 466 1077 529 tottii!
1086 466 1145 526 μή·

33 541 155 593 niam
175 540 314 597 Christus
328 550 456 599 mortuns
480 553 521 601 est
544 532 640 581 'mmm
653 530 722 591 ‘luod
732 530 847 582 ⁰¹¹¹¹⁸²⁰⁸
859 532 1037 595 ¹³⁰¹¹1¹¹¹¹¹¹³lll⁰
1052 545 1144 597 iffi·

36 633 121 684 ΝΟ
147 619 270 686 peccatis
287 624 406 691 nom,
420 638 522 680 mun„
543 601 577 649 tis
591 599 687 649 nostris
705 602 823 651 mortuns
839 601 890 662 sit,
905 601 936 650 ut
956 600 986 649 la
1005 598 1144 665 scripturis

36 695 145 749 drhm
157 698 340 766 scriptumst
542 668 774 733 mmmmm

93 778 138 829 Δ.
152 778 263 844 Etonia
277 779 403 845 sepultus
421 784 479 847 cst,
493 786 520 835 cs
572 768 605 819 Et
616 767 684 830 qaod
694 766 865 831 sepultusslt,
877 770 905 819 in
915 780 983 820 rora
992 770 1144 820 mortistcs·

38 854 142 920 quia
152 856 305 909 resurr-exis
316 858 397 911 temp
406 859 462 927 ὥθ’
475 872 521 915 30,
542 839 694 904 timonium
705 839 731 886 ct
740 835 809 897 quod
823 836 898 885 tertit
915 837 957 887 dis
966 840 1098 899 revixerit,
1112 840 1143 889 nt

38 929 201 985 cundum
216 933 394 1003 seripturasr
541 906 1012 1030 Jaissssffsffflpmffllfflfflffimd
1026 904 1144 971 ΜΨ·

95 1041 138 1096 5.
149 1044 185 1096 Et
194 1044 261 1111 quia
271 1045 346 1101 risus
357 1050 399 1102 est
408 1044 516 1117 Cephae,
572 1044 992 1109 Pretorcadooairosqnddrisns
1001 1044 1143 1097 sitredlrl·

92 1252 130 1299 3.
152 1246 257 1299 Tradidi
268 1248 445 1301 enimvobis...
456 1251 561 1315 Scriptis
572 1252 657 1313 itaque
667 1254 754 1314 repeto
764 1263 821 1313 qua
833 1250 916 1300 verbis
927 1249 1033 1301 astruxi.

90 1325 138 1373 In
152 1324 262 1386 priosta,
276 1322 303 1373 ld
315 1328 366 1386 est,
379 1326 445 1375 inter
455 1328 584 1389 praecipua
595 1325 745 1375 Christianae
756 1326 815 1375 fidei
828 1328 921 1389 capita.

99 1398 216 1449 Tradidi
227 1398 315 1458 cobis,
327 1401 409 1451 verbis
419 1401 531 1464 scilicet,
540 1403 612 1464 quasi
625 1399 769 1465 depositum
777 1438 785 1464 ,
793 1402 860 1464 qaod
868 1406 891 1450 et
900 1399 985 1464 occepi
995 1399 1012 1450 d
1021 1399 1140 1463 horam,

48 1470 168 1531 pariter
180 1471 251 1529 quasi
263 1467 414 1531 depositum.

93 1536 173 1585 Fidei
187 1535 301 1586 doctrina
316 1537 457 1601 depositum
470 1542 524 1600 est,
538 1540 552 1589 d
564 1539 664 1590 Christo
678 1538 786 1589 homino
796 1540 885 1589 dalnrn
900 1536 1039 1602 Apostoiis3
1052 1540 1078 1587 et
1094 1548 1140 1600 per

52 1607 129 1657 iilos
142 1618 294 1668 ,eorumque
304 1608 331 1657 ln
345 1606 489 1671 Apostoiatu
503 1610 704 1660 successorem
714 1621 761 1659 nos
770 1611 949 1660 transmloearn
959 1646 967 1670 ,
976 1608 1010 1658 sd
1019 1610 1141 1659 aemam

53 1679 187 1726 nostram
200 1676 317 1726 salutern.
1118 1680 1123 1689 '

95 1746 158 1795 Hoc
178 1745 320 1807 depositum
338 1744 445 1796 ddolltor
463 1748 591 1796 servatum
604 1748 630 1796 et
643 1744 820 1808 observatum,
837 1744 945 1797 adraim
958 1758 1005 1798 nos
1020 1748 1049 1797 ln
1064 1748 1139 1797 atar-

56 1828 139 1867 num
155 1828 162 1864 ε
176 1828 305 1866 servemus
316 1829 374 1878 ergo
388 1820 417 1866 ut
430 1816 518 1867 sainct.

97 1888 135 1936 ln
145 1885 184 1935 his
197 1888 282 1935 autern
293 1886 322 1935 ll.
337 1885 408 1935 Pauli
418 1888 501 1937 verbis
513 1886 640 1950 duplicem
656 1890 716 1937 nota
726 1886 891 1936 traditionem
902 1888 957 1936 sina
970 1888 1078 1949 scripto;
1086 1889 1140 1937 tra·

59 1955 140 2005 didit
151 1956 234 2005 rerhis
244 1993 251 2021 ,
261 1954 330 2016 qudd
343 1954 418 2005 verbo
428 1992 436 2017 ,
447 1957 503 2007 sine
514 1960 638 2019 scriptura
653 1958 749 2019 recepit
758 1954 901 2017 Apostolus.

104 2030 215 2080 Tradidi
228 2030 347 2091 quoniam
363 2030 475 2080 chrocus
490 2038 605 2081 mortuus
617 2036 668 2089 cst,
680 2029 754 2090 vert,
766 2028 878 2090 scilieet,
890 2032 916 2079 et
925 2042 978 2080 non
988 2032 1138 2092 apparenter

59 2099 174 2149 tanturn
187 2118 194 2147 ι
206 2098 262 2147 ideo
273 2100 361 2148 mortis
373 2098 465 2149 Christi
476 2099 581 2150 historia
597 2104 651 2149 tam
669 2098 787 2149 accurate
803 2100 831 2147 in
842 2098 985 2159 Evangeilis
995 2098 1138 2160 descripta,

62 2175 99 2220 ut
112 2168 184 2219 ccrtd
193 2169 316 2219 sciremus
327 2168 394 2230 qnod
404 2168 464 2218 rere
475 2176 591 2220 mortuns
605 2172 638 2219 sit
649 2182 698 2234 pro
709 2168 931 2232 pentasonae,
942 2181 994 2219 oon
1008 2181 1054 2231 pro
1069 2170 1137 2227 suls,

61 2242 134 2301 qula
145 2239 283 2298 innocens,
296 2237 460 2300 impollutus,
475 2243 501 2288 at
519 2239 626 2290 Sanctus
643 2242 790 2289 sanctorum
803 2257 811 2287 s
823 2237 868 2289 sed
886 2251 935 2300 pro
946 2238 1055 2296 norma,
1064 2239 1137 2299 quad

63 2310 161 2371 Agnus
171 2307 215 2357 liei
230 2309 257 2357 in
270 2307 392 2358 Paschate
405 2306 454 2356 tuit
466 2307 622 2358 immolatus.

102 2382 247 2435 secondom
261 2383 416 2444 Scriptores.
428 2381 514 2432 llortls
526 2382 620 2434 Christi
630 2381 751 2432 duritiem
761 2379 825 2432 lenit
833 2384 984 2433 auctoritato
994 2381 1138 2446 Scriptura·

64 2467 149 2513 rum,
161 2453 196 2501 ait
209 2449 387 2500 Tertullianus.

100 2525 167 2574 Nam
178 2525 203 2570 ct
216 2520 347 2584 Apostolus
357 2533 410 2572 non
420 2523 475 2572 sine
488 2532 564 2572 onere
574 2522 744 2584 pronuntians
755 2520 885 2572 Christum
892 2526 1037 2584 mortuum,
1045 2521 1138 2582 adjecit

66 2591 214 2644 secundom
230 2591 387 2654 Scripturas,
397 2593 427 2640 ut
435 2591 556 2642 daritiam
564 2592 779 2652 pronuntiationis
791 2590 1138 2654 Scripturarumanctorltatc

65 2661 198 2722 molliret,
210 2663 235 2710 et
245 2659 393 2710 scandalum
403 2659 512 2710 auditori
529 2661 662 2710 evenerat.
670 2657 840 2709 Tertullianus
849 2660 893 2710 tib.
904 2659 937 2709 ad
947 2660 1019 2710 Pras.
1028 2672 1084 2722 cap.
1092 2661 1135 2710 29.

101 2731 160 2782 lton
175 2733 236 2780 citat
258 2728 406 2793 Apostolus,
421 2730 481 2791 quia
501 2727 638 2778 Corinthiis
656 2731 730 2777 notas
749 2731 876 2792 supponit.
894 2729 952 2780 isal.
965 2731 1048 2790 53,n.
1060 2731 1090 2788 8,
1103 2728 1136 2778 da

68 2813 126 2864 quc
138 2798 316 2850 ‘icrtnllianns
335 2797 388 2848 lioc
406 2800 433 2848 ot
445 2797 523 2848 isaias
542 2798 611 2861 prior
631 2797 826 2860 pronuntiante
839 2798 872 2847 st
890 2798 1013 2849 Dominus
1030 2798 1136 2850 tradidit

69 2885 132 2922 oum
147 2882 194 2932 pro
208 2867 303 2919 delictis
311 2866 411 2918 nortem

101 2955 129 3002 l.
142 2953 175 3002 dt
183 2951 248 3014 poto
256 2951 368 3014 sepositus
379 2955 414 3001 est
429 2953 456 3001 in
464 2963 531 3002 vera
541 2952 631 3002 mortis
642 2952 827 3005 momontum.

103 3031 137 3080 iit
147 3028 208 3090 poio
221 3027 366 3078 resurrexit.
376 3026 419 3077 Cr.
430 3029 551 3078 excitatus
562 3029 616 3087 est,
628 3028 688 3088 qnia
698 3039 767 3077 mors
777 3039 883 3078 somnus
895 3026 975 3078 :hinc
984 3029 1135 3080 resnnectlo

71 3097 168 3150 dicitnr
178 3097 303 3147 excitatio.
315 3095 377 3146 vere
387 3099 474 3147 autem
490 3097 643 3156 resurrexit,
659 3095 725 3144 deut
735 3096 794 3145 rere
806 3099 924 3146 mortuas
933 3098 980 3145 est.

104 3167 272 3227 pulsantem
294 3163 387 3216 Christi
405 3166 558 3217 resurrectio
579 3167 617 3216 est
637 3165 829 3214 resurrectionis
853 3166 945 3212 nostra
967 3176 1060 3226 cansa,
1077 3164 1135 3216 ideo

70 3235 162 3300 probat
177 3233 247 3284 illam
261 3233 402 3297 Apostolus.

103 3305 188 3356 Primo
201 3304 381 3368 prophetarum
398 3304 548 3355 testimoniis
561 3301 649 3352 dicens
659 3338 667 3362 ,
678 3300 813 3352 umnddm
823 3301 971 3365 Scripturas
981 3323 990 3352 .-
1001 3303 1051 3354 hoc
1064 3305 1134 3357 enirn

72 3379 102 3427 in
119 3373 181 3424 lona
193 3373 398 3438 prcllgnratam,
410 3373 460 3426 hoo
476 3373 584 3424 abisaia
597 3370 764 3437 pradictum:
777 3371 835 3422 Erit
848 3371 993 3435 repetem
1005 3372 1060 3444 pres
1075 3373 1135 3437 plo-

73 3447 179 3498 morum.

104 3513 193 3564 liorah
206 3513 268 3564 Ocea
279 3517 305 3576 o,
313 3514 374 3564 n.'i.
388 3511 532 3576 Vtoificohit
541 3517 655 3576 corpori
666 3512 729 3563 door
740 3510 809 3571 dier,
822 3511 851 3561 in
861 3511 902 3564 dte
916 3513 991 3564 ertio
1002 3512 1135 3565 mathilt

74 3597 134 3644 nos,-
148 3585 217 3646 ipss,
236 3584 349 3644 scilicet,
363 3582 438 3632 tertis
456 3581 497 3632 dle
513 3594 645 3646 resurgens
659 3600 666 3632 r
683 3581 765 3644 ipsios
783 3581 853 3634 enlm
871 3583 1021 3635 resurrectio
1040 3585 1134 3637 nostra

75 3655 243 3798 cagfasrezteu
253 3735 323 3786 aaa
335 3741 370 3786 aa
385 3733 481 3797 oasa.

105 3804 219 3856 Secundo
232 3805 320 3868 prohat
331 3803 507 3868 Apostolorum
518 3805 680 3854 testimoniis.

105 3873 177 3924 Fides
187 3878 274 3924 aonia
296 3871 494 3937 superedificata
511 3884 587 3936 snpra
598 3871 764 3926 fundamenta
774 3870 955 3938 prophetaram
965 3875 992 3926 ot
1003 3872 1134 3940 Apostolo-

78 3957 159 4067 {soffia
158 3942 220 4069 1ιὲῗὲ
238 3946 295 4008 post
310 3943 489 4010 prophetarum
507 3944 659 4008 scripturas,
674 3943 738 3996 citat
756 3938 932 4010 Apostolorum
949 3941 1133 4018 rislonoefloo

160 4026 174 4066 o
218 4047 227 4068 Ἰ.
366 4063 383 4072 .,
502 4063 506 4070 .
694 4071 698 4076 .
826 4034 830 4040 ’
