2559 4450
367 271 815 402 §nonusnucronrmete
910 372 915 382 ,
1056 289 1125 384 'vj
1186 337 1193 346 -
1265 364 1266 367 ί

94 523 1122 564 Μ

14 823 17 850 ,
141 730 489 882 scopos
533 728 1030 882 aocrours,

293 993 498 1094 muroena
516 1016 630 1082 narro
649 1014 702 1081 nr
717 1013 884 1084 musmo.

511 1223 664 1240 *nn-

69 1347 142 1448 Hoc
156 1396 254 1463 opus,
275 1380 360 1462 quod
379 1379 413 1448 in
435 1381 594 1464 publicum
611 1399 696 1448 nuuc
711 1381 819 1465 prodit
827 1429 841 1462 ,‚
860 1383 968 1452 multis
979 1429 995 1464 „
1011 1381 1040 1473 pi
1055 1385 1123 1448 Deo

67 1489 176 1568 placet,
194 1487 416 1568 profuturum,
439 1485 480 1550 ad
498 1505 603 1578 meam
622 1489 792 1557 utilitatem
808 1489 987 1578 propriam,
1002 1481 1121 1567 mentis

65 1594 207 1672 Μίνω
215 1595 249 1658 et
262 1591 366 1656 cordis
380 1591 495 1672 vitam,
512 1592 643 1685 scripsi.)

99 1701 215 1782 Duplex
227 1699 334 1780 itaque
350 1698 428 1764 mihi
442 1699 500 1764 tuit
512 1700 544 1764 in
559 1699 704 1782 assidua,
720 1702 897 1784 perplures
918 1710 1035 1782 annot.
1048 1691 1121 1784 Epi-

65 1807 209 1870 stolarum
221 1805 310 1870 Beati
320 1805 409 1873 Pauli
424 1805 560 1875 lectione
573 1809 606 1871 et
616 1808 687 1890 iugi
698 1807 902 1888 meditatione
920 1793 1052 1894 scopus,
1065 1825 1121 1874 ve-

65 1913 199 1998 ritatem,
212 1912 347 1992 scilicet,
362 1929 448 1994 quae,
464 1927 506 1976 ex
518 1913 554 1975 D.
568 1915 763 1996 Augustino,
779 1914 845 1980 Μ
855 1914 972 1982 mentis
985 1917 1036 1983 est
1046 1961 1057 1994 ,
1068 1913 1120 1985 in·

65 2019 190 2100 dagam
206 2020 240 2083 et
259 2017 446 2082 charitatem
460 2035 547 2098 quae,
571 2035 613 2083 ex
632 2019 746 2084 eodem
765 2023 916 2101 uectore,
932 2019 997 2085 Μ
1015 2018 1120 2086 cordis

65 2129 126 2206 est,
141 2123 329 2205 accendere,
351 2123 489 2204 nutrire,
504 2140 642 2206 augere3
661 2127 695 2191 et
711 2125 836 2207 reverit,
851 2131 915 2192 Deo
936 2127 1018 2191 votis
1040 2125 1120 2195 meis
1142 2125 1147 2130 ’
1219 2161 1224 2166 ·

64 2234 233 2309 annueram,
253 2233 303 2295 tot
324 2232 356 2295 et
374 2230 481 2295 tantos
505 2228 636 2295 effectus
657 2231 821 2312 utriusque
837 2232 980 2313 percepi,
1005 2234 1041 2296 ut
1058 2232 1121 2297 hoc

63 2353 152 2419 opus,
166 2336 306 2418 quandiu
316 2334 375 2401 tuit
386 2334 464 2401 miii
472 2334 649 2417 proprium,
660 2336 837 2403 vocaverim
849 2336 946 2406 vitam
956 2336 1073 2403 mentis
1086 2338 1120 2405 et

63 2444 170 2507 cordis.
512 2432 518 2444 ’

97 2548 179 2613 Illius
188 2549 296 2613 autem
308 2544 465 2613 scribendi
478 2545 635 2611 haecratio
650 2545 751 2612 iuitet
764 2545 901 2611 occasio.

97 2650 215 2731 Primo,
235 2654 381 2735 sanctum
394 2652 524 2717 Paulum
539 2670 665 2735 sempor
684 2653 852 2717 veneratus
867 2669 957 2733 sum,
972 2652 1009 2716 ut
1020 2649 1120 2717 totius

62 2760 166 2825 mundi
182 2762 365 2839 merorem,
384 2759 423 2823 ab
444 2758 514 2840 ipso
534 2759 657 2823 Christo
675 2757 826 2839 Domino,
845 2758 913 2840 iam
927 2757 1066 2841 glorioso
1086 2760 1121 2823 et

61 2866 92 2929 in
104 2866 188 2931 omlis
203 2868 374 2945 regnante,
390 2862 555 2946 edoctum,
573 2863 627 2929 Dei
642 2864 757 2947 Spiritu
772 2862 930 2947 afflatum,
947 2867 980 2929 et
996 2862 1015 2929 ὸ
1030 2864 1119 2930 coelis

61 2973 99 3036 ad
109 2988 167 3038 nos
180 2971 330 3051 missum,
344 2967 462 3051 quasit
476 2986 535 3033 suo
549 2968 648 3034 latere
659 2969 816 3052 legatum,
831 2970 943 3053 suique
961 2967 1120 3053 Evangelii

61 3094 232 3158 praeconem
245 3079 278 3141 et
292 3076 495 3157 interpretem
508 3073 738 3140 fidelissimum.

96 3180 256 3263 Secundo,
271 3182 366 3263 huius
379 3180 520 3263 Apostoli
532 3179 649 3263 scripta
659 3180 737 3245 mihi
747 3180 816 3247 Μ
829 3183 906 3246 sunt
920 3180 954 3247 iu
964 3168 1119 3260 Ecclesiaj

61 3289 261 3370 quaerentes
273 3286 532 3368 luminisetignis
545 3302 701 3369 perennes
713 3290 747 3351 et
755 3286 954 3366 inexhausti,
964 3287 1050 3352 undo
1061 3304 1120 3353 ve-

60 3396 131 3459 ritas
153 3397 186 3458 et
206 3409 295 3457 umor
311 3391 525 3458 indesinenter
544 3392 577 3456 et
602 3392 719 3475 ubique
735 3392 930 3473 scaturiunt3
951 3392 1037 3458 unde
1053 3391 1119 3458 Μ

61 3501 169 3566 mentis
182 3496 566 3578 etcordis‚omniousi11a
577 3496 875 3581 piemeditantibm,
884 3498 1119 3568 ooanmsaueti

60 3606 186 3689 Spiritus
200 3601 491 3669 subministratione
505 3603 664 3677 tribuitur.

96 3712 173 3777 ilinc
189 3710 313 3783 annus
330 3725 421 3773 meus
437 3708 478 3773 ad
496 3708 548 3775 illa
564 3709 692 3776 luminis
708 3710 744 3775 et
760 3702 843 3791 ignis
862 3707 979 3790 scripta
994 3725 1120 3798 semper

63 3814 403 3899 iuitpropensissimus,
393 3811 530 3881 weram
544 3814 585 3877 ad
594 3831 631 3878 oa
644 3812 750 3895 quiete
761 3813 912 3898 legenda,
926 3815 1119 3903 penetranda

64 3920 285 4005 etgnstnppia
290 3918 443 4004 mibinon
456 3917 588 3988 dabatur
604 3918 705 3981 otium
718 3919 921 3992 conveniens.
1004 3950 1067 4006 ,s
1100 3981 1104 3991 ,

97 4026 203 4094 Divina
223 4014 359 4091 tandem
378 4016 504 4093 semite
523 4022 732 4104 providentia,
763 4023 803 4088 ab
823 4002 956 4089 aliorum
977 4005 1053 4086 curt
1072 4022 1119 4087 fui
