2559 4450
201 218 275 300 ⁴tea
428 296 432 305 Ι
520 215 721 276 reterens
739 213 989 276 insoniunt

219 427 1268 478 υκηκκκκκκκκκκκκκκκκκκοόωκκκκκκκκκκκκε

288 655 548 742 ANALYSIS
566 655 779 742 CAPITIS'
796 655 985 744 DECIMI
1002 655 1228 764 QUARTI.

704 890 800 908 n

223 999 263 1098 lu
275 1040 387 1096 donnus
397 1037 621 1107 precedentibus
632 1037 788 1106 capitibus,
801 1038 966 1093 charitatem
976 1047 1042 1103 crgo
1053 1035 1219 1102 proximum
1229 1049 1268 1085 nu

221 1122 518 1180 totiescomrnendavit
527 1123 693 1189 Apostolus,
707 1124 737 1176 in
747 1125 801 1178 hoc
815 1122 951 1192 quasdam
960 1117 1159 1186 dissidiorum,
1172 1119 1268 1172 charin

209 1209 259 1263 tis
270 1208 485 1271 offensirorum‚
499 1219 597 1259 causas
609 1207 763 1274 componit.

257 1297 296 1346 lix
308 1291 412 1346 Jndaeis
424 1290 568 1356 conversi,
581 1295 609 1345 et
618 1290 647 1344 in
660 1289 714 1346 tide
728 1290 820 1345 adhuc
831 1289 946 1356 infirmi,
956 1289 1036 1343 cibos
1045 1293 1075 1342 et
1086 1287 1151 1342 dies
1161 1287 1240 1356 juxta
1251 1286 1268 1335 ie

223 1390 285 1444 gem
296 1375 445 1429 itosaicam
456 1373 655 1438 observabant,
668 1380 696 1428 et
707 1376 829 1428 Gentiles
843 1388 1013 1439 conversos,
1027 1372 1066 1426 ob
1077 1372 1202 1426 istorum
1213 1371 1268 1421 inci·

222 1457 863 1526 servantiamjudicabant:hiantemtudaeos‚
885 1457 1108 1524 obhooipsum,
1129 1462 1268 1509 contemne

222 1546 334 1598 hautot
344 1544 480 1597 infirmos.
492 1546 550 1596 lios
562 1542 662 1596 etittos
673 1541 714 1596 sic
724 1543 815 1612 arguit
825 1541 974 1611 Apostolus
984 1580 992 1608 ,
1001 1546 1034 1594 ut
1045 1546 1187 1609 utrosque
1196 1539 1268 1591 docet

222 1627 364 1682 charitatis
382 1628 500 1694 regulas.

258 1711 351 1764 Primo
363 1711 390 1779 i.
403 1711 485 1764 docet
493 1709 635 1764 infirmnm
644 1710 660 1764 d
669 1709 842 1765 doctioribus
850 1709 1056 1764 oumcharitate
1066 1706 1268 1776 suscipiendum

259 1794 389 1848 Secundo
400 1794 427 1862 i.
440 1793 562 1848 breviter
571 1795 686 1862 exponit
692 1793 880 1850 altercationis
888 1798 1097 1860 argumentum,
1105 1791 1191 1858 quod
1200 1799 1268 1853 supra

259 1878 353 1931 Tertio
368 1878 396 1947 y.
410 1877 451 1930 sic
465 1892 527 1931 eam
539 1878 650 1942 definit,
663 1884 696 1931 ut
709 1891 939 1946 unumquemque
947 1875 977 1930 in
989 1891 1039 1930 sua
1051 1875 1132 1942 praxi
1141 1873 1268 1937 relinquat

169 1981 174 1988 ·
223 1961 376 2017 dummodo
389 1961 551 2015 charitatem
560 1968 671 2015 servent
683 1969 711 2016 et
722 1975 837 2028 pacem;
851 1961 927 2015 docti
935 1974 991 2014 non
1002 1963 1137 2026 spernant
1150 1955 1268 2010 infirmos

224 2046 326 2100 infirmi
338 2061 395 2100 nou
404 2045 532 2114 judicent
541 2045 651 2100 doctos.

259 2133 319 2200 At.
333 2135 360 2185 t.
375 2132 411 2184 ad
422 2132 450 2200 i.
462 2134 507 2183 15.
521 2130 616 2183 multis
633 2129 734 2196 probat
751 2129 893 2182 nerninem
908 2128 925 2182 a
941 2127 1026 2182 tratre
1041 2139 1093 2180 suo
1103 2123 1254 2193 judicando

224 2221 284 2270 tum
294 2215 359 2283 quia
370 2214 563 2269 auctoritatem
572 2213 717 2281 judicandi
730 2228 787 2266 non
800 2211 948 2277 habentus,
958 2211 986 2281 i.
996 2215 1032 2277 ⁴3
1044 2215 1103 2263 tum
1116 2210 1189 2277 quia
1201 2209 1267 2261 scier·

224 2302 290 2354 iiam
303 2301 338 2351 ad
349 2298 532 2366 judicandum
544 2298 730 2351 necessariam
741 2311 798 2350 non
811 2296 960 2361 habemus;
973 2309 1022 2349 cor
1032 2294 1124 2347 fratris
1133 2295 1225 2347 nostri
1236 2303 1267 2341 rut

224 2384 370 2436 norimus:
382 2386 469 2435 Deum
481 2382 510 2434 in
526 2382 612 2435 corde
624 2381 773 2450 glorificat,
788 2381 815 2449 i.
831 2382 863 2447 6;
883 2385 943 2433 tum
955 2378 1021 2446 quia
1032 2377 1134 2433 Christi
1147 2380 1234 2432 solius
1246 2384 1267 2424 ea

224 2482 277 2521 uos
285 2466 411 2533 judicare
422 2484 430 2519 z
441 2472 468 2519 et
479 2466 587 2519 christo
597 2480 655 2519 non
667 2465 803 2517 debemus
814 2462 964 2529 praeripere
977 2461 1054 2530 quod
1066 2462 1135 2515 emit
1147 2456 1267 2527 sangnini

225 2552 268 2604 sui
281 2550 383 2618 pretio,
396 2551 423 2617 i.
434 2553 468 2613 9,
481 2562 620 2601 memores
634 2548 729 2614 itaque
741 2545 819 2615 quiid
831 2560 926 2602 coram
935 2546 1061 2611 Christo,
1075 2546 1222 2606 communi
1231 2556 1267 2593 cni

224 2635 302 2687 ninm
314 2633 432 2685 Domino
444 2637 473 2685 et
486 2630 599 2695 iudice,
613 2630 744 2687 sistemur
758 2628 918 2698 judicandi,
934 2629 1004 2687 alios
1018 2627 1241 2699 adjudicemus,
1255 2626 1267 2697 t

224 2720 316 2780 10,11
331 2754 338 2778 ,
351 2718 398 2769 12.

259 2798 288 2865 t.
296 2802 333 2852 15
344 2802 371 2849 et
386 2797 480 2850 uiuitis
489 2795 672 2862 sequentihus
683 2795 823 2851 doctiores
835 2804 944 2864 monet,
956 2804 987 2852 ut
998 2802 1117 2853 caueant
1126 2812 1166 2854 no
1177 2781 1240 2853 dent
1248 2797 1265 2846 io

224 2879 394 2936 firmioribus
404 2879 584 2945 scandatum
597 2879 691 2933 nulius
703 2880 817 2947 quidem
829 2882 909 2935 cinus
917 2881 976 2949 J'am
990 2882 1153 2936 immundus
1167 2890 1226 2937 est:
1239 2892 1266 2931 ra

224 2968 306 3017 reant
315 2967 406 3015 tamen
419 2974 455 3014 ne
466 2969 580 3029 propter
592 2963 686 3015 cibum
695 2963 779 3018 irater
794 2971 906 3032 pereat,
917 2966 946 3035 i.
958 2968 1011 3031 15,
1026 2979 1063 3019 ne
1076 2965 1143 3019 dent
1161 2966 1266 3019 occasio

223 3061 288 3101 nem
299 3044 496 3112 blasphemiae,
509 3046 536 3114 i.
548 3048 595 3111 163
608 3046 752 3100 attendant
763 3048 965 3117 quddregnum
972 3048 1023 3102 nei
1031 3061 1089 3102 non
1100 3048 1136 3101 sit
1144 3062 1210 3101 esca
1221 3089 1226 3111 ,
1237 3040 1266 3096 sei

221 3130 341 3200 iustitia,
354 3144 409 3197 pax
428 3135 457 3184 et
473 3129 609 3195 charitas,
620 3130 650 3199 5.
669 3133 714 3185 17.
735 3135 832 3199 ltaque
851 3137 992 3185 sectentur
1010 3144 1075 3199 quae
1087 3137 1157 3185 ¹sunt
1174 3128 1266 3199 pacisci

223 3216 429 3281 aedificationis,
442 3216 470 3285 i.
481 3219 532 3282 195
542 3221 658 3269 caveant
668 3230 735 3282 ergo
743 3215 820 3283 qnod
832 3216 963 3270 scandalo
972 3216 1104 3281 destruit,
1118 3216 1146 3285 j.
1156 3219 1208 3281 203
1222 3223 1266 3281 pra

223 3308 309 3355 staret
320 3295 438 3355 re'licitd
449 3314 507 3353 non
517 3301 573 3366 nti,
590 3312 676 3366 quam
687 3299 760 3352 illius
771 3313 823 3352 usu
834 3312 933 3366 parere
942 3300 1117 3367 scandalum,
1128 3301 1156 3369 y.
1172 3304 1217 3352 21.
1265 3312 1266 3363 t

258 3384 384 3451 lienique
396 3383 477 3437 docet
487 3382 630 3448 infirmos,
645 3396 681 3435 ne
693 3382 847 3450 quidquam
861 3389 959 3437 contra
974 3383 1179 3437 conscientiam
1192 3384 1259 3450 agoni

225 3470 252 3549 ς.
272 3469 375 3536 lma.
386 3467 505 3523 aliorum
518 3466 661 3534 exemplo.
675 3466 779 3521 scilicet
794 3466 916 3539 impulsi.
966 3530 968 3533 ¹
1264 3406 1266 3521 i
