2559 4450
998 133 1013 163 Ι

191 249 246 305 tta
432 284 436 292 ·
489 248 697 306 EPIS'EOLAE
715 248 766 305 ln
781 243 967 305 MUNOS

193 481 1255 521 “mmmmm

356 699 620 812 uuutlsls
649 699 859 784 CAPITIS
886 697 1089 784 DECIMI.

192 1067 390 1170 pnosrourrnn
402 1111 430 1160 et
443 1109 524 1173 urget
536 1105 685 1172 Apostolus
698 1106 853 1172 rationem,
868 1119 953 1173 quam
963 1117 1026 1171 oap.
1041 1106 1069 1158 9.
1079 1102 1107 1171 i.
1124 1106 1174 1158 50.
1184 1100 1254 1156 (ledit

191 1195 227 1248 de
237 1193 398 1248 ludaeorum
410 1189 427 1243 a
435 1189 544 1256 jnstilia
560 1202 644 1254 casu,
660 1189 697 1242 ob
713 1190 904 1244 infidelitatem
922 1202 1015 1256 suam;
1034 1187 1085 1242 sed
1101 1200 1141 1241 ne
1152 1188 1199 1242 vel
1212 1200 1253 1240 eos

189 1277 247 1346 jam
261 1274 408 1329 offenderit
420 1273 457 1328 ob
468 1273 560 1338 dicta,
573 1271 616 1325 rel
626 1272 748 1327 offendat
761 1275 798 1328 ob
810 1274 943 1338 dicenda,

224 1359 307 1414 Initio
318 1358 402 1425 liujus
411 1372 472 1424 cap.
486 1371 569 1410 suum
581 1371 678 1410 rursus
690 1355 719 1408 in
730 1356 793 1412 illos
804 1358 948 1422 allectum,
962 1369 1101 1423 suumque
1115 1355 1148 1408 in
1160 1369 1253 1410 eornm

190 1445 307 1498 salntem
321 1443 422 1496 ardens
430 1440 600 1494 desiderium
609 1439 740 1507 patefacit
744 1458 753 1508 ;
763 1441 858 1496 laudat
870 1453 919 1495 eos
931 1441 968 1495 ob
980 1441 1084 1506 zelum,
1094 1445 1212 1494 excusat
1221 1440 1253 1492 ob

189 1525 386 1595 ignorantiam.

224 1610 254 1677 i.
264 1613 291 1662 ὅ.
305 1607 486 1661 zelantsuam
492 1607 608 1675 legalem
615 1607 768 1676 justitiam,
777 1609 860 1677 eique
869 1606 1012 1662 mordicus
1020 1607 1180 1672 adiment,
1192 1607 1251 1674 quia

190 1693 318 1761 ignorant
332 1704 428 1744 veram
443 1696 470 1744 et
483 1691 621 1744 internam
633 1692 784 1760 justitiam,
801 1708 885 1761 quam
896 1695 970 1746 Deus
989 1691 1037 1744 dat
1052 1704 1102 1756 per
1114 1690 1215 1756 fldem3
1228 1697 1252 1742 et

122 1769 127 1778 '
190 1776 257 1843 quia
267 1774 398 1842 ignorant
406 1774 544 1828 Christum
553 1789 616 1830 esse
626 1777 696 1844 legis
708 1791 840 1845 scopum,
849 1776 1021 1844 justitiaeque
1034 1773 1158 1840 fontem,
1170 1775 1187 1828 a
1199 1789 1251 1842 quo

190 1859 344 1913 haurienda
355 1859 448 1912 omnis
459 1871 526 1912 vera
537 1861 586 1914 Dei
594 1861 716 1927 justitia,
728 1862 755 1930 l.
769 1865 796 1914 l.

224 1942 252 2011 i.
263 1945 289 1997 5.
300 1943 406 2010 Exipso
413 1944 508 2010 lloyse
517 1943 616 2010 probat
622 1943 706 2011 huius
714 1945 830 2012 justitiae
837 1943 902 1998 lldei
910 1942 1114 2006 excellentiam,
1124 1941 1251 2010 hancque

189 2027 323 2094 iustitiam
331 2032 452 2080 externae
463 2025 720 2094 sactorumjustitiae
732 2027 863 2096 anteponi
872 2027 988 2093 debere,
997 2033 1094 2095 utpote
1102 2025 1250 2082 faciliorem

189 2117 218 2166 et
230 2112 383 2176 utiliorem,
394 2111 422 2179 i.
431 2114 464 2175 6,
477 2114 512 2177 ’1,
523 2114 551 2164 8.

223 2196 286 2264 iel.
296 2195 484 2264 omnialtujus
490 2193 606 2263 justitiae
615 2193 772 2249 christianae
782 2194 870 2250 ollicia
879 2195 915 2249 ad
924 2193 1096 2249 duoredueit
1107 2193 1160 2249 :ad
1171 2195 1250 2249 fidem

189 2280 301 2347 cordis,
314 2280 389 2336 etati
400 2280 603 2334 contessionem
618 2280 685 2334 oris.
696 2282 761 2332 llaec
772 2278 829 2333 duo
837 2279 973 2346 iustitiam
985 2285 1013 2331 et
1025 2279 1141 2333 salutem
1156 2282 1248 2333 conle-

189 2369 255 2416 runt
266 2364 343 2417 omni
352 2364 594 2419 indiscriminatim
599 2362 787 2418 hominilideli
795 2402 803 2430 ,
810 2364 923 2419 tudaeus
935 2364 1018 2417 sitrel
1029 2363 1157 2430 Gentilis,
1168 2364 1195 2433 γ.
1204 2368 1245 2428 10,

190 2450 240 2512 11,
254 2450 288 2499 te
297 2487 305 2512 ‚
315 2450 361 2500 15.

223 2530 253 2604 γ,
264 2534 309 2584 11.
324 2531 390 2583 ldeo
406 2532 536 2585 omnihus
550 2532 763 2589 annuntianda:
777 2528 993 2585 reveriluerunt
1004 2530 1180 2596 annuntiate3
1194 2546 1246 2584 om-

189 2628 240 2666 ues
254 2614 416 2677 audierunt,
426 2614 543 2666 sednon
562 2628 661 2667 ornnes
673 2615 837 2670 obedierunt
842 2633 850 2681 ;
864 2614 976 2683 plurimi
990 2615 1112 2669 Gentiles
1123 2615 1247 2668 credide-

189 2702 272 2759 runt,
286 2694 412 2761 plerique
428 2696 523 2749 ludaei·
533 2698 761 2752 contradixerunt
774 2717 780 2753 :
794 2704 823 2753 et
838 2700 899 2753 haee
916 2704 959 2753 est
974 2712 1074 2753 eorum
1087 2698 1246 2769 perditionis

190 2779 331 2846 eausa‚i.
343 2780 458 2847 15,16,
470 2780 521 2845 tt,
533 2781 766 2850 18,19,ao,at.
