2559 4450
267 287 442 349 reiensi
457 289 687 348 exeostrto.
705 289 787 348 GAP.
807 291 858 345 iit.
1043 289 1094 344 tui

51 382 104 436 ie.
114 381 193 438 Dicis
202 381 299 452 itaque
306 385 474 450 mihizenid
527 385 575 436 Sed
587 385 649 438 hine
665 399 753 436 rursus
772 385 859 448 objicis
874 383 938 436 mihi
951 403 957 434 ι
969 381 1019 434 hoc
1037 383 1097 434 edm

17 460 119 514 adhuc
151 462 306 528 queritur?
337 464 474 520 voluntati
496 457 532 505 ita
543 458 592 518 sit,
603 469 650 506 eur
660 468 718 518 ergo
728 453 795 504 Dens
808 454 839 504 de
851 453 1025 518 peccatoribus
1037 465 1098 504 con·

496 610 579 716 ulainai
590 668 705 717 resistere
713 635 734 714 P,

14 850 61 886 cor
73 837 223 890 Pharaonis
236 839 384 902 induravit,
395 841 473 892 exod.
487 844 526 893 to.
542 855 571 892 n.
590 846 617 902 t,
632 844 663 892 20
671 874 679 903 ,
691 843 738 902 27,
751 845 800 892 ete.
813 831 873 892 eum
885 839 934 892 boe
949 840 1097 894 disorimine

15 921 152 959 marimo.

29 1034 34 1043 ι
47 976 131 1038 Quod
143 976 222 1029 homo
233 991 287 1029 sesa
299 979 401 1044 proprio
415 983 441 1030 et
454 979 562 1044 positive
575 979 679 1030 indurat
694 977 741 1029 sut
755 977 854 1029 malitia
872 981 897 1028 et
912 978 1079 1030 obstinatione
1088 999 1113 1041 ς,

15 1047 86 1097 Deus
105 1050 196 1098 autem
210 1049 314 1098 indurat
328 1051 492 1113 permissive,
506 1050 635 1111 negative,
653 1063 705 1099 non
724 1049 806 1099 dando
823 1048 958 1112 specialem
972 1052 1096 1114 gratiam,

17 1117 97 1167 ilium
116 1131 172 1168 sua
186 1117 290 1167 malitia
306 1118 458 1180 deserendo,
469 1122 494 1169 et
502 1118 609 1169 sinendo
621 1117 678 1170 fieri
687 1118 816 1168 duriorem
829 1137 835 1168 ι
849 1117 960 1169 illumin
975 1121 1098 1182 patientia

18 1187 197 1249 sustinendo,
206 1191 232 1237 et
244 1187 335 1239 leniter
347 1189 489 1239 tractando·

49 1257 97 1306 Sic
115 1257 163 1306 liet
175 1258 349 1309 misericordia
368 1258 528 1309 Pharaonem
548 1259 692 1309 indurabat.
710 1257 775 1310 crim
788 1259 857 1310 enim
879 1271 938 1309 eum
956 1257 1098 1321 flagellabat

18 1326 89 1375 licus
100 1363 109 1388 ,
121 1325 258 1376 ridebatur
270 1327 338 1388 qnod
349 1328 472 1391 populum
483 1328 528 1378 liei
544 1327 696 1378 dimissurus
710 1330 764 1378 erat
777 1346 784 1376 ι
798 1327 857 1377 crim
868 1327 928 1377 verb
947 1327 1012 1378 Deus
1027 1327 1099 1378 aule-

18 1398 95 1446 rehat
107 1396 223 1458 nagelta,
234 1397 332 1448 Pharao
342 1398 419 1449 tiebat
429 1411 460 1449 ex
472 1409 502 1449 eo
515 1400 691 1449 contumacior
703 1416 710 1449 ι
724 1399 795 1448 etita
806 1397 1029 1459 deindaels,etde
1043 1410 1098 1450 om·

17 1466 102 1515 nibus
112 1464 246 1515 obduratis
256 1465 379 1529 intellige.
762 1470 769 1481 '

50 1536 158 1586 enatae
173 1535 218 1585 nor
236 1538 386 1600 paronnam
403 1538 556 1588 cassinens
571 1535 786 1599 ementiendam,
806 1539 832 1588 et
853 1539 908 1601 ejus
926 1535 1002 1592 rann
1024 1550 1097 1592 snam
1115 1516 1121 1528 ‘

18 1608 97 1656 auxit
114 1607 317 1657 contumaciam.
329 1605 510 1657 Theodorctns.
1025 1631 1028 1638 ·

51 1687 298 1740 &accusso-Ex
316 1688 469 1752 supradictis
492 1687 653 1752 concluditur
675 1687 743 1751 qnod
759 1689 826 1740 Dens
849 1678 974 1740 donorum
992 1701 1097 1742 snorum

21 1760 164 1820 dominns,
176 1773 311 1823 supremus
323 1764 349 1810 et
359 1759 505 1810 liberrimus
520 1761 659 1822 gratiarum
670 1772 775 1810 suarum
787 1761 943 1822 dispensator
954 1779 960 1809 ι
973 1761 1096 1824 gratinus,

22 1833 66 1880 cni
79 1829 140 1880 vult
153 1831 298 1892 impertitur
310 1847 317 1878 ε
330 1827 390 1879 edm
403 1831 554 1891 miseretur,
564 1827 673 1892 gratuite
686 1833 711 1879 et
723 1829 860 1879 liberaliter
870 1833 1004 1880 miseretur
1016 1848 1023 1880 a
1037 1829 1096 1880 crim

21 1903 175 1964 quempiam
186 1900 290 1950 tandem
301 1901 406 1964 sibiipsi
420 1900 526 1962 (leserit,
539 1899 603 1949 nulli
620 1898 681 1950 iacit
690 1899 811 1960 injuriam
821 1937 827 1960 ,
837 1900 880 1950 sed
887 1900 985 1962 iustum
1000 1905 1097 1950 exercet

22 1973 170 2031 judiciam
181 1970 362 2021 misericordias
376 1983 430 2020 sna
445 1969 558 2033 exempla
572 1969 640 2019 dedit
656 1972 684 2018 in
704 1970 796 2020 Jacobo
812 1974 837 2018 et
848 1972 953 2032 posteris
969 1971 1040 2030 ejns;
1055 1969 1098 2018 dat

24 2046 49 2089 et
67 2045 98 2090 in
118 2040 295 2101 credentibus,
311 2052 357 2090 seu
374 2039 483 2101 iudeis,
499 2052 544 2090 sen
560 2039 716 2100 Gentilibus5
735 2040 839 2100 justitiae
858 2039 970 2101 exempla
986 2037 1055 2088 dedit
1068 2038 1097 2088 in
1154 2089 1160 2098 ,
1192 2078 1194 2084 ,

25 2111 160 2162 Pharaone
171 2113 197 2160 et
206 2110 337 2161 obduratis
350 2109 453 2161 iudeis.
803 2142 809 2150 ·

55 2182 131 2233 itane
150 2182 285 2232 veritatem
303 2179 421 2243 edoctus,
431 2191 491 2231 ama
505 2179 587 2231 boum
602 2177 808 2239 misericordem,
820 2179 881 2227 time
892 2179 989 2239 justum
999 2195 1006 2237 ;
1018 2175 1059 2227 die
1072 2179 1098 2228 et

24 2257 117 2373 {31th
117 2264 232 2372 ”pem
247 2270 256 2302 a
271 2251 461 2311 Khermmei,
474 2248 702 2311 discernendam
714 2260 835 2311 monnone
849 2254 874 2299 ct
890 2260 981 2311 puram
997 2248 1098 2298 misert-

58 2404 384 2469 ro.1›totstroqnemitt.·
400 2404 462 2469 qaid
477 2403 561 2455 adhuc
577 2401 721 2465 qumans...
733 2400 840 2461 objectio
855 2400 870 2451 a
886 2400 972 2451 Judaeo
984 2398 1050 2449 iacta
1065 2398 1097 2450 ob

27 2477 214 2538 praecedentem
233 2474 422 2526 conclusionem
440 2494 447 2524 a
466 2476 504 2536 si,
520 2472 639 2532 utdicis,
652 2472 718 2521 Dens
737 2469 809 2531 coins
826 2470 894 2529 oali,
912 2470 1059 2529 miseretur,
1075 2475 1098 2519 et

28 2561 102 2608 qrrem
114 2546 172 2596 vult
188 2546 306 2603 inderet,
320 2556 366 2594 cur
382 2556 441 2605 ergo
452 2544 483 2593 de
493 2542 669 2606 peccatoribus
682 2541 865 2601 conquerlturi
877 2552 923 2589 cur
938 2551 980 2589 eos
995 2541 1098 2589 accusat

28 2623 53 2666 et
69 2617 166 2679 puniti
177 2614 309 2666 voluntate
320 2615 390 2664 enirn
401 2614 444 2663 Del
456 2613 519 2663 tales
532 2616 609 2676 sunt,
619 2611 666 2661 Dei
676 2615 760 2661 oeten
770 2610 896 2659 volontati
911 2609 967 2673 quir
979 2609 1098 2659 resistot?

57 2690 126 2737 lloic
136 2683 291 2749 blasphema
301 2685 490 2747 interrogationi
500 2722 507 2746 ,
519 2683 615 2748 duplici
626 2681 702 2757 modp
713 2678 847 2742 respondet
857 2678 998 2743 Apostolus.
1013 2682 1037 2727 ιο
1050 2678 1098 2731 Re·

29 2758 115 2806 tundit
132 2755 340 2818 blasphemorum
362 2754 507 2817 superbiam
523 2758 582 2803 turn
602 2752 703 2813 objectu
720 2750 828 2813 proprie
846 2751 959 2813 ipsorum
977 2747 1097 2810 vilitatis,

29 2835 85 2876 tum
97 2827 200 2887 objectu
211 2823 319 2875 absoluti
330 2827 356 2874 et
371 2824 483 2888 supremi
495 2823 618 2884 dominii,
628 2820 697 2883 quod
713 2819 779 2871 Deus
788 2819 865 2872 hahet
884 2822 912 2870 in
923 2820 1009 2871 omnia
1022 2830 1098 2884 opera

30 2911 75 2946 sua
86 2916 93 2957 ;
104 2899 133 2945 2⁰
144 2893 279 2958 respondet
292 2895 445 2955 categorica,
456 2905 484 2941 u.
499 2894 543 2953 22,
555 2894 603 2952 23,
616 2894 666 2942 etc.
705 2942 707 2950 ,

59 2967 163 3015 Poterat
181 2966 260 3027 igitur
275 2962 408 3027 Apostolus
423 2964 509 3012 statim
528 2960 680 3024 respondere
699 2957 780 3011 Deum
798 2960 829 3009 de
847 2956 1099 3023 peccatoribuetustd

31 3034 168 3097 conqueri,
178 3036 238 3095 quia
251 3035 299 3096 ipsi
312 3030 472 3096 proprisset
490 3031 604 3093 malitia,
615 3032 704 3081 contra
717 3028 762 3080 liei
778 3030 935 3081 voluntatem
950 3041 1004 3080 sese
1019 3028 1099 3079 obdu-

31 3110 98 3155 rent.
111 3103 214 3154 Viden.
231 3108 259 3154 18
270 3106 295 3153 et
307 3116 335 3154 n.
347 3106 374 3153 tt
391 3107 416 3153 et
427 3105 467 3153 22.

61 3178 163 3226 Poterat
173 3185 264 3239 negare
281 3173 326 3224 liei
337 3172 467 3224 voluntate
481 3172 558 3234 tales,
571 3185 617 3222 seu
635 3170 771 3221 obduratos
789 3172 815 3219 et
828 3170 1014 3232 impoenitentes
1035 3180 1097 3220 csse.

61 3247 163 3297 Poterat
176 3244 281 3305 addere,
297 3243 423 3293 voluntati
435 3242 539 3306 quidem
556 3241 601 3291 lici
616 3254 670 3291 non
684 3240 766 3289 resisti
781 3240 810 3287 in
828 3240 873 3299 iis,
887 3250 942 3299 qua
955 3236 1011 3287 vult
1023 3238 1098 3289 abso-

32 3316 104 3376 lute,
125 3318 152 3365 et
172 3316 229 3365 sine
243 3312 398 3363 conditione.
418 3313 465 3364 lllc
483 3317 570 3363 antem
590 3310 668 3361 aliam
684 3322 738 3359 csse
754 3318 826 3371 rems,
846 3311 875 3357 ut
887 3310 956 3369 patet
975 3319 1005 3357 ex
1024 3307 1098 3359 dictis

33 3402 58 3435 n.
74 3391 114 3437 ii.
125 3385 158 3449 dc
170 3387 253 3450 prima
266 3384 310 3433 Del
321 3385 463 3435 intentione
473 3384 631 3440 Pharaonem
642 3380 674 3431 ad
685 3380 808 3431 thronum
822 3378 950 3428 evehentls
963 3395 969 3425 ι
983 3379 1007 3427 et
1018 3390 1046 3427 u.
1059 3380 1098 3428 ti,

33 3457 63 3505 de
82 3455 160 3507 modo
179 3467 231 3517 quo
245 3454 404 3505 Pharaonem
419 3453 539 3505 rebellem
556 3452 705 3513 obduravit,
725 3447 861 3513 improprie
875 3446 970 3497 seilicet
992 3450 1018 3497 et
1032 3447 1099 3497 iud1·

34 3527 101 3576 recte
113 3563 121 3587 ,
135 3528 161 3575 et
173 3535 204 3573 er
222 3522 335 3573 dicendis
348 3536 376 3573 n.
395 3526 425 3573 22
436 3527 462 3573 et
474 3526 514 3574 23.

64 3597 178 3657 lienique
188 3592 273 3642 dicere
285 3593 408 3655 potuisset
421 3590 489 3653 qnod
499 3591 585 3642 locum
596 3590 701 3642 forsitan
712 3588 823 3651 aliquem
839 3586 942 3637 haberet
950 3585 1005 3636 haec
1014 3586 1099 3647 objec-

35 3670 88 3727 tio,
106 3667 128 3715 si
144 3663 212 3714 Deus
222 3662 380 3712 Pharaonem
395 3664 508 3724 justum,
521 3665 656 3720 sanctum,
675 3660 725 3709 lieo
746 3657 919 3719 obedientem,
935 3657 1098 3717 deseruisset,

36 3738 67 3785 ad
80 3738 215 3800 peccatum
234 3732 394 3797 impulisset,
413 3733 514 3797 proprie
533 3735 559 3781 ct
579 3729 673 3780 directe
686 3728 840 3779 ob'anrasset.
859 3728 928 3777 ldem
941 3726 1051 3788 intellige
1068 3726 1100 3777 de

37 3809 48 3856 J
52 3809 128 3857 udaie
139 3804 270 3856 obduratis
282 3823 288 3853 :
301 3807 328 3853 at
341 3803 414 3867 longe
423 3802 496 3853 aliter
507 3815 534 3853 sc
544 3814 585 3851 res
596 3800 681 3850 habet.
691 3798 801 3849 Tantdm
812 3798 883 3849 abest
892 3801 920 3847 ut
931 3798 968 3847 sic
979 3794 1084 3849 obduret
1090 3816 1099 3861 i

38 3879 88 3928 imo
103 3888 164 3927 cum
181 3873 263 3924 multa
278 3875 401 3937 patientia
419 3872 497 3923 talem
515 3872 622 3923 sustinet
635 3867 827 3919 obdurationem
840 3866 904 3918 iteri.

68 3946 128 3997 hile
141 3955 195 3995 non
206 3942 310 3993 deerant
318 3942 436 4007 apostolo
447 3942 636 4006 responsiones,
647 3950 710 4000 quas
721 3940 749 3988 in
760 3937 810 3988 tine
823 3949 879 3999 cap.
891 3936 978 3987 alleret
986 3941 1011 3987 et
1020 3938 1048 3987 in
1059 3950 1100 3987 se-

40 4015 183 4084 quentibus.
193 4012 309 4067 sedante
319 4016 406 4067 omnia
415 4012 622 4081 blasphemorum
633 4008 754 4065 leroetem
766 4007 845 4097 voluit
857 4004 986 4078 edomare,
995 4008 1097 4061 dicem:
