2559 4450
334 297 505 369 turrira
522 302 745 375 txeosrrro.
765 313 848 376 cri.
868 304 918 380 tr.
1124 314 1161 382 ιε
1242 310 1260 399 '‚

132 391 278 464 &Sieuim
286 412 535 478 commentarium
588 413 615 464 Sl
630 419 713 479 euim,
728 419 800 479 quasi
816 417 912 469 surculi
922 457 929 480 ,
940 432 986 484 per
1004 417 1160 482 baptismum
1252 406 1256 445 ²

101 497 191 540 snmus
224 488 398 552 similitudini
437 493 536 545 mortis
557 482 658 535 Christo
673 486 759 548 insiti,
775 487 808 536 ad
823 489 878 548 eius
893 491 989 550 instar,
1007 491 1100 539 mortui
1114 503 1162 539 su-

101 563 155 630 ejus
169 583 176 619 :
189 566 274 622 simul
284 574 312 623 et
323 571 535 625 resurrectionis
557 565 615 602 mua
624 573 631 613 ;
639 553 701 603 sane
714 558 739 604 et
749 553 838 604 eidem
849 555 1067 619 ratione,Christo
1078 558 1159 618 insiti,

100 641 207 697 erimus·
556 619 589 668 ad
602 622 657 681 ejus
669 621 749 670 instar
762 635 936 686 resurgemus,
948 624 1063 686 novique
1073 627 1159 686 gratia

556 688 624 748 vitri,
637 688 772 750 gloriosam
784 693 838 752 ejus
849 696 1061 746 resurrectionem
1073 695 1158 745 imitu-
1243 696 1253 710 “

555 756 650 805 bimur.

128 818 155 870 d.
165 819 224 871 lioe
234 819 370 885 seientes,
382 817 535 888 quiavetus
586 825 694 876 flamme
709 829 732 877 si
749 829 953 893 consideremus,
966 832 1035 896 quod
1049 836 1078 884 iu
1094 832 1159 896 hap-
1267 865 1268 868 =

96 892 177 957 homo
188 902 287 950 noster
295 897 377 952 simul
387 900 534 954 crucifixus
555 896 641 956 tismo,
649 899 674 944 et
684 907 729 959 per
739 897 903 960 baptismum,
915 903 959 963 qul
970 906 1008 951 est
1019 914 1160 966 represen-
1268 903 1269 930 r

96 979 188 1040 agur
197 972 465 1043 desrruarurcofpus
471 991 534 1043 pec,
555 964 619 1012 tstlo
630 965 720 1014 mortis
728 963 821 1016 Christi
828 1004 836 1030 ,
843 973 928 1020 noster
936 974 1010 1022 seim
1019 971 1096 1022 homo
1107 971 1160 1022 und
1269 1023 1270 1050 Ἰ

91 1178 190 1232 semper
203 1167 352 1228 mesenum
367 1168 419 1215 tres
434 1164 602 1215 etleetuslraee
616 1167 653 1215 eis
662 1165 845 1230 predicarent,
859 1180 922 1230 quos
935 1169 963 1219 ln
976 1171 1049 1222 nobis
1066 1169 1160 1223 habers
1270 1141 1271 1154 ἵ

90 1236 163 1355 ἕζεαι
170 1237 313 1355 ιῖεριιεωα,
323 1235 448 1287 nimirum
458 1234 654 1286 similitudinem
666 1238 769 1298 mortis,
779 1238 923 1302 sepultura,
933 1244 959 1291 st
969 1243 1160 1294 resumeetronu

128 1307 196 1357 rist.

119 1375 193 1425 Sient
212 1375 328 1426 Christus
346 1377 462 1426 mortuus
477 1378 515 1424 est
532 1373 593 1426 huie
610 1375 707 1425 mundo
724 1379 806 1428 morte
824 1377 871 1428 sut
888 1379 1013 1444 corporali
1033 1383 1093 1433 :ita
1111 1393 1159 1434 nos

89 1443 229 1494 (irristianl
245 1447 326 1494 morte
339 1443 465 1507 spirituali
479 1444 600 1494 debemus
616 1447 682 1494 mori
697 1447 923 1512 mundo,eiusque
939 1450 1043 1503 domino
1054 1456 1080 1502 et
1090 1453 1174 1516 regi,-

89 1517 214 1576 peeerto,
229 1516 255 1561 et
268 1512 388 1562 continue
403 1515 479 1563 mori.

118 1582 193 1633 sieut
203 1581 321 1633 Christus
331 1582 459 1645 sepultus,
470 1582 592 1634 emendo
601 1585 731 1647 separatus
740 1583 788 1634 ruit
796 1601 803 1635 e
812 1586 847 1637 lta
856 1601 902 1640 nos
911 1590 1045 1656 mutuati,
1057 1587 1158 1646 nullum

90 1667 150 1704 emn
165 1653 266 1704 mundo
279 1656 304 1702 et
315 1656 418 1715 peceato
431 1652 552 1703 debemus
563 1652 658 1705 hebere
670 1655 863 1708 commerelum.

119 1723 192 1774 Sient
203 1722 319 1773 Ghrlstus
333 1732 466 1782 resurgens
478 1723 559 1771 vitam
570 1723 621 1782 egit
632 1722 817 1785 immortalem,
829 1725 865 1775 ita
878 1729 1158 1794 sestertiummilium
1212 1747 1220 1764 ·

91 1805 198 1854 norum,
209 1793 402 1854 incorruptum,
416 1795 441 1840 et
454 1789 504 1839 lieo
517 1789 620 1851 diguam
631 1789 752 1842 debemus
763 1805 844 1855 agere.

121 1888 146 1937 5.
157 1887 189 1936 Si
208 1885 276 1935 otim
294 1883 460 1946 comptantati
475 1882 537 1947 sueti
554 1895 672 1936 mmor...
689 1887 817 1956 αύμφωοι,
831 1891 901 1941 insiti
917 1893 973 1955 Syr.
985 1892 1011 1942 si
1024 1892 1094 1940 enim
1105 1881 1159 1934 und

92 1967 151 2006 eum
161 1967 193 2004 eo
203 1953 311 2017 plantati
322 1966 410 2003 sumus
423 1965 468 2016 per
478 1952 673 2006 similitudinem
684 1963 773 2011 mortis
784 1965 839 2024 ejus
853 1978 861 2010 ε
873 1963 909 2010 im
918 1969 1018 2024 quoque
1031 1961 1060 2008 in
1071 1967 1157 2008 resur-

92 2028 205 2076 reetione
215 2027 270 2084 ejus
282 2025 387 2072 erimus.
483 2025 489 2034 '
642 2073 644 2076 ,

120 2093 173 2145 Ede
190 2093 260 2143 mird
277 2092 446 2143 similitudine
466 2091 556 2144 alludit
573 2094 706 2158 Apostolus
721 2095 753 2148 ad
772 2099 904 2148 insitiones
927 2100 952 2147 et
974 2096 1157 2147 tumulationes

91 2162 239 2229 plantarum
253 2181 259 2209 :
274 2161 421 2213 sicutenim
435 2163 550 2223 surculi,
564 2177 608 2214 seu
621 2167 777 2229 rumusculi,
791 2168 823 2216 ab
834 2167 922 2216 arbore
934 2169 976 2216 eui
995 2169 1156 2228 inseruntur,

92 2248 200 2287 sumum
211 2234 332 2295 uehunt,
348 2240 373 2285 et
385 2236 414 2285 ln
426 2234 577 2297 elvirum,
589 2237 627 2285 sie
643 2248 690 2296 nos
702 2250 747 2300 per
755 2238 909 2300 uspdsmum
919 2237 1019 2290 Christo
1032 2237 1102 2291 insui
1111 2275 1118 2300 ,
1128 2239 1157 2287 tu

93 2318 122 2357 eo
133 2310 160 2357 et
170 2307 204 2357 eb
219 2319 249 2356 eo
259 2306 379 2357 vivimus.
554 2308 559 2315 “
978 2318 981 2324 ’

120 2376 168 2429 Per
178 2376 335 2440 baptimi
348 2376 379 2426 de
389 2379 493 2440 peceato
503 2375 560 2437 ,rel
568 2376 600 2428 da
610 2376 706 2430 ddumo
715 2416 722 2441 ,
731 2379 803 2442 quasi
815 2376 1156 2448 demalarerraereliimu13

92 2450 117 2499 et
128 2450 159 2499 iu
172 2448 290 2508 cumam,
298 2448 371 2509 quad
382 2449 411 2497 iu
420 2452 490 2498 terre
498 2447 581 2510 bona,
593 2460 639 2499 seu
651 2462 713 2500 eum
723 2449 838 2513 Chruto,
855 2452 883 2501 iu
900 2454 968 2513 terra
982 2452 1067 2512 graue
1081 2449 1157 2513 plau·

90 2522 186 2569 tamur.
201 2518 296 2568 Sensus
309 2520 433 2580 igiturest
444 2536 451 2567 s

121 2590 149 2641 Si
168 2591 243 2652 quasi
262 2588 360 2639 surculi
376 2589 556 2640 inuiderimus
573 2588 692 2651 chroro,
713 2592 741 2640 iu
761 2586 955 2642 similitudinem
974 2586 1063 2643 mortis
1084 2591 1155 2655 ejus3

90 2671 184 2723 nempe
196 2660 272 2721 sirim
286 2656 479 2710 mmmmmnem
498 2660 620 2721 gessimus
633 2660 661 2709 ln
672 2659 813 2723 baptismo,
827 2662 894 2711 sieut
908 2663 977 2711 enlm
990 2664 1107 2722 mortuus
1119 2666 1157 2711 est

91 2730 316 2795 corporaliumne
333 2740 380 2781 nos
403 2729 569 2794 spiritualiter
587 2732 712 2781 morimur
726 2750 733 2782 r
747 2730 859 2795 proieetd
877 2733 973 2782 erimus
990 2732 1068 2781 etlam
1087 2731 1157 2781 insiti

91 2803 206 2863 Christo,
223 2804 252 2851 ln
267 2798 461 2852 similitudinem
473 2804 664 2854 resurrectionis
679 2805 749 2865 elus,
760 2806 788 2853 ut
799 2803 865 2854 sieut
878 2800 931 2867 lpse
941 2804 1077 2855 resurrexit
1090 2802 1157 2853 novt

91 2872 356 2937 etgloriosdvitd31tu
368 2884 414 2922 nos
424 2885 585 2937 resurgemus
597 2888 667 2925 nune
678 2874 731 2924 vird
742 2876 843 2936 gratier,
854 2874 990 2937 aliquando
1000 2874 1052 2925 viti
1061 2874 1155 2937 gloria.

122 2944 196 2995 Sient
208 2942 326 2993 sursulus
338 2942 422 2991 arbori
435 2945 542 3003 insitus,
554 2956 614 2994 eum
623 2946 678 3007 ipsa
690 2946 719 2993 in
729 2944 821 3005 hyeme
831 2947 903 3006 quasi
914 2944 1102 3006 moritur,verd
1116 2956 1157 2994 re·

91 3014 218 3074 limesoit,
230 3013 303 3074 quasi
316 3023 462 3073 resurgens3
477 3013 514 3061 ste
525 3012 684 3065 Christianus
696 3026 741 3077 per
754 3014 921 3078 hapdamum,
937 3015 1037 3065 Christo
1048 3016 1156 3075 insitus,

91 3098 154 3134 enm
174 3085 229 3146 ipso
243 3082 369 3142 morttur,
381 3092 441 3131 eum
459 3082 655 3145 inseremur,
670 3083 772 3134 sursum
790 3083 932 3148 pullulans,
944 3090 970 3135 er
982 3094 1038 3146 qum
1054 3082 1156 3135 sursum

91 3158 153 3204 sunt
168 3162 293 3215 querens.

121 3223 175 3273 ilde
192 3219 360 3274 similitudine
378 3221 511 3275 eondrmat
522 3222 591 3287 qudd
601 3227 706 3287 peceato
717 3223 837 3275 debemus
851 3234 905 3275 esse
917 3222 1012 3275 mortui
1029 3225 1055 3273 at
1069 3223 1156 3285 uada

91 3294 399 3357 vitlaivere,1mrtieipes
412 3291 496 3343 edesii
503 3294 695 3345 resurrectionis
707 3293 767 3345 lesu
778 3291 881 3344 Christi.

122 3386 149 3434 d.
162 3382 216 3435 doe
229 3380 346 3438 mentm,
358 3380 421 3443 quio
437 3387 508 3431 ueros
527 3380 610 3433 Mino.
623 3382 763 3435 couflrmm
777 3380 826 3431 hoo
844 3379 912 3430 idern
927 3377 994 3441 quod
1007 3378 1126 3441 oraeeedit
1145 3398 1154 3431 s

91 3454 215 3503 debemus
228 3454 333 3514 peceato
344 3451 437 3499 mortui
449 3462 502 3501 esse
514 3453 540 3500 et
555 3452 681 3515 spirituali
701 3453 788 3515 gratim
797 3448 850 3511 riti
865 3450 965 3511 virere,
978 3447 1077 3512 hocque
1092 3461 1156 3501 eon-

91 3526 178 3576 firmat
190 3534 222 3571 ex
235 3521 287 3571 line
299 3520 435 3582 uapusmrz

122 3594 176 3644 iios
188 3592 302 3649 adesos,
320 3602 365 3640 seu
383 3590 585 3652 considerantes,
604 3590 672 3655 oodd
684 3598 754 3643 octus
766 3594 849 3642 noster
863 3587 953 3653 mmo,
966 3589 993 3640 id
1004 3592 1055 3651 est,
1069 3594 1156 3643 uosuu

93 3666 213 3727 corrupta
228 3660 423 3722 naturem‘mut
434 3662 570 3727 mcii-ros
584 3669 627 3713 eet.
644 3662 688 3713 Gr.
707 3662 905 3724 oonerueillxus3
917 3662 944 3713 id
959 3664 1010 3723 est,
1028 3661 1078 3711 und
1094 3676 1155 3714 eum

92 3737 193 3786 Christo
204 3730 561 3797 erueltlxusest,eellloet1rer
572 3732 728 3795 baptismum
740 3736 766 3781 et
776 3734 804 3782 iu
811 3732 950 3795 baptismo,
959 3733 1003 3793 qui
1017 3735 1055 3781 est
1066 3735 1157 3783 mortis

92 3806 185 3857 Chrisd
196 3802 393 3867 representatis
404 3800 439 3851 lie
448 3801 498 3853 hue
508 3804 578 3852 anim
589 3801 752 3853 oruuidrioue
761 3802 805 3853 hle
818 3804 917 3865 agitur,
927 3803 957 3851 ut
965 3812 995 3851 ex
1007 3802 1030 3851 i.
1040 3814 1068 3852 u.
1076 3806 1155 3866 parer.

16 3871 17 3874 ’
124 3884 156 3935 ut
169 3884 329 3948 decimatum
346 3879 374 3931 id
387 3882 440 3941 eat,
449 3880 581 3931 niomntm
592 3892 685 3943 corpus
694 3880 792 3943 pomo
805 3880 852 3931 :id
865 3883 915 3941 em,
929 3882 982 3929 totu
993 3885 1155 3943 peemtorum

17 3971 19 3976 ’
93 3956 222 4017 congeries
231 3954 256 4002 et
272 3952 440 4013 universitas,
450 3954 524 4012 eujus
533 3950 648 4001 membru
661 3954 722 4001 sunt
735 3950 852 4017 superbia
861 3988 869 4012 ,
879 3950 985 4001 everius
994 3988 1001 4012 ,
1010 3950 1095 4014 libido,
1104 3954 1154 4001 eto·

93 4026 145 4080 iios
158 4026 246 4076 suum
259 4021 362 4089 peemu
370 4025 465 4089 eorpus
472 4020 625 4089 madorem,
636 4018 697 4077 edm
708 4020 763 4089 eius
774 4016 1080 4112 nemireKmorttiteamus
1090 4039 1098 4073 s
1107 4024 1155 4081 uer
