2559 4450
288 315 458 372 sarrunx
475 317 699 377 ernostum.
718 319 801 378 cta.
819 321 870 377 rv.
1075 323 1112 379 sr
1141 297 1149 312 '
1253 303 1257 310 '

75 409 252 464 sarcinolis
267 411 354 464 eodem
369 415 464 477 capite,
479 417 583 479 concipe
593 429 651 478 quar
666 419 691 468 et
704 418 785 480 qualis
795 416 879 469 sltllla
888 415 950 468 tides
959 415 1111 479 laetificans,

46 478 74 527 de
89 494 136 542 qua
147 481 196 532 hic
216 480 329 544 loquitur
348 483 498 547 Apostolus,
511 488 536 534 et
545 489 618 548 culus
632 488 778 553 exemplum
788 487 861 540 nobis
878 487 979 540 exhibet
989 488 1017 538 ln
1031 486 1112 538 sara-

46 547 99 598 ham
114 570 121 599 r
135 555 162 600 et
180 550 238 600 ideo
248 551 330 613 qualis
344 551 418 603 debet
432 567 485 602 esse
505 558 557 605 lua.

71 619 142 668 Fides
154 619 265 689 Abrahae
274 619 341 682 luit,
355 635 408 672 non
419 627 533 684 mortua,
547 624 591 674 sed
604 627 662 676 vira
672 647 679 688 ;
688 639 741 678 non
752 627 835 690 nuda,
845 626 889 678 sed
902 626 1021 678 omnibus
1031 628 1113 679 virtu·

45 688 105 737 tibus
117 693 226 750 ornata3
238 702 290 739 non
309 692 416 750 timida,
429 693 615 755 pusillanimis,
630 699 655 746 et
668 696 800 748 humiliter
813 698 843 747 rle
857 698 908 747 lieo
928 695 1112 759 senticosior

44 758 126 819 tortis,
144 759 281 820 sublimis,
292 759 342 810 alth
355 763 380 810 el
397 761 472 822 digne
489 762 521 811 de
534 762 580 812 Del
592 767 723 824 majestate
734 770 760 816 et
778 768 960 830 omnipotentia
980 768 1092 818 sentiam
1100 786 1109 828 ς

44 827 85 885 ipsi
106 827 228 888 penitus,
246 828 386 890 submissa,
400 829 432 878 ad
446 843 534 880 omnes
546 833 601 892 eius
618 833 761 884 voluntates
773 841 874 897 parata;
886 839 963 885 etiam
975 834 1008 886 ad
1017 838 1112 898 -unigc-

43 896 85 942 niti
97 895 144 944 filil
157 899 200 946 sul
217 897 428 948 immolationem.
444 899 502 949 llaee
514 899 563 949 luit
579 899 642 950 tides
657 903 810 954 Patrlarchra
822 905 952 967 lidelium;
966 908 991 955 ct
1001 905 1050 956 hic
1062 905 1112 957 lide
1203 959 1217 978 .

42 963 87 1013 boo
101 979 268 1029 summopere
279 967 384 1030 placuit.
395 969 456 1018 Vide
470 983 497 1019 n.
512 974 550 1030 1⁷,
565 974 601 1020 18.
610 976 659 1022 etc.
669 972 730 1023 Vide
742 979 767 1022 ct
777 989 805 1024 n.
822 979 847 1024 3.

69 1035 135 1084 Talis
147 1037 183 1085 sit
195 1041 221 1084 et
236 1040 297 1096 tua,
310 1039 331 1086 sl
341 1038 391 1086 lieo
400 1037 500 1100 placere
511 1039 580 1088 velis.
597 1041 635 1089 Sit
646 1044 718 1101 viva,
734 1042 826 1104 llrma,
840 1042 952 1104 stabilia,
964 1047 1018 1106 spel
1029 1080 1037 1105 ,
1050 1045 1111 1095 aba·

42 1103 156 1166 diontiae,
170 1107 320 1154 reverentie
341 1108 479 1157 virtutibus
505 1111 595 1158 uestita
604 1129 612 1171 3
628 1110 660 1158 de
677 1111 728 1160 lieo
744 1111 877 1174 magnifiee
892 1114 1021 1173 sentiens,
1037 1112 1112 1176 plene

43 1187 158 1234 persuasa
169 1173 203 1224 de
213 1175 314 1223 summa
324 1177 379 1236 ejus
392 1179 537 1237 veracitate,
549 1181 746 1242 omnipotentie,
761 1184 821 1240 ete„
830 1185 943 1230 mortuos
956 1181 1110 1243 vivificante,

43 1257 93 1303 qua
107 1257 162 1294 non
175 1247 251 1304 sunl,
263 1248 371 1294 vocante
382 1249 407 1294 et
423 1250 541 1307 creante,
554 1251 603 1297 etc.

68 1315 119 1363 llic
132 1312 186 1364 ilde
197 1314 302 1378 plenus,
316 1314 390 1365 erede
406 1315 513 1366 tirmiter
525 1317 646 1369 articulos
656 1318 730 1381 tidel,
744 1323 822 1370 etiam
837 1323 936 1370 natura
946 1323 1050 1385 captum
1065 1334 1111 1372 su·

42 1389 166 1445 perantes.
560 1396 562 1400 '

70 1455 120 1504 ilic
134 1453 187 1505 lide
200 1453 306 1516 liumus,
319 1455 347 1503 ln
358 1453 433 1505 rebus
442 1454 547 1517 arduis,
561 1459 589 1507 iu
599 1457 720 1520 periculis
728 1495 736 1520 ,
745 1463 794 1510 ete.
807 1460 835 1510 io
848 1474 927 1524 mero,
938 1465 1109 1524 cmtrerpem,

43 1523 122 1572 crede.

70 1595 120 1642 llio
136 1593 189 1643 lide
208 1593 356 1653 roboratus,
368 1594 476 1644 visibilia
496 1597 521 1645 et
534 1597 662 1647 sensibilia
682 1611 785 1662 sperne;
797 1599 830 1650 etl
848 1603 955 1663 aterna,
974 1600 1110 1651 invisibilla

43 1664 127 1722 tenda,
139 1665 236 1726 aspira,
250 1662 358 1724 anhela;
371 1667 395 1712 et
414 1665 441 1713 ln
454 1663 497 1714 liei
512 1664 582 1714 cultu
594 1671 647 1729 sta,
661 1671 695 1729 et,
707 1670 829 1731 quidquid
840 1672 955 1731 accidat,
968 1683 1109 1734 persevera.

69 1734 178 1784 Taarro.
190 1733 325 1784 Eaeodem
340 1736 421 1796 eapite
434 1734 502 1786 disce
513 1737 644 1798 quodnam
662 1740 696 1789 sit
710 1743 869 1804 precipuum
885 1741 944 1791 lidei
960 1745 1052 1792 nostre
1064 1741 1110 1790 ob-

42 1804 144 1861 jectum.

71 1873 200 1922 soranam
214 1873 318 1922 credidit
332 1873 360 1922 ia
377 1874 458 1923 Deam
478 1876 523 1937 qui
540 1877 653 1940 oioifioct
666 1883 864 1941 mortuos,etc.‚
880 1894 926 1931 nos
944 1880 1070 1931 oredimus
1082 1881 1110 1930 io

45 1941 128 2000 Datim,
138 1943 185 2005 qai
196 1942 464 1992 maotour'tomortois
474 1944 610 1993 Dominum
619 1952 733 1995 cosmum
741 1949 827 1996 Iesum
837 1950 1007 1999 Christianam.
1020 1950 1060 2007 24,
1068 1950 1108 1998 25.

71 2013 133 2062 ilors
148 2008 235 2074 itaque
247 2015 272 2061 el
283 2011 441 2062 Resurrectio
455 2013 564 2073 Christi,
576 2015 627 2063 duo
642 2019 770 2079 praecipua
786 2020 847 2066 sunt
863 2018 921 2067 llrlei
932 2021 1023 2067 noslrae
1038 2029 1108 2080 mys-

45 2083 101 2130 teria
112 2121 119 2142 ,
132 2086 204 2132 circa
220 2095 276 2143 quaa
290 2081 471 2144 frequentiores
482 2084 496 2132 a
506 2085 578 2133 nobis
591 2087 724 2136 exercendi
738 2090 798 2136 suut
811 2091 883 2138 actus
893 2087 961 2138 littei.

71 2152 180 2202 lloriens
193 2153 310 2202 Christus
320 2156 425 2203 uictima
434 2153 483 2202 fuit
495 2156 653 2216 expiationis.
941 2170 950 2185 ·
967 2184 979 2208 ι

72 2223 216 2286 Resurgens
231 2223 346 2274 Christus
358 2225 463 2275 victima
472 2224 521 2275 luit
534 2227 752 2288 sanctificationis.
764 2229 794 2278 ln
807 2239 884 2278 eruce
894 2230 1016 2290 morlens,
1027 2230 1110 2279 morte

46 2295 102 2354 sui,
116 2297 233 2344 nostram
250 2292 371 2343 destruxit
384 2299 509 2356 mortem;
521 2296 548 2343 in
561 2299 745 2346 resurrectione
758 2297 805 2348 sui
817 2299 897 2347 vitam
907 2299 980 2349 nobis
993 2312 1110 2352 commu-

47 2367 257 2429 nicar1t5typum
274 2368 298 2413 et
311 2366 437 2429 exemplar
450 2378 522 2416 novae
535 2368 594 2415 ulte
608 2366 686 2415 derlit.
749 2367 754 2374 ’

72 2436 187 2487 Christus
198 2448 256 2497 ergo
273 2434 416 2497 frequenter
427 2435 585 2495 adorandus,
599 2439 624 2485 ct
644 2437 755 2485 moriens
774 2439 799 2486 et
809 2448 958 2499 resurgens,
972 2439 1020 2490 lide
1032 2440 1108 2503 vivi,

45 2509 127 2556 nortis
140 2505 211 2555 illius
223 2505 343 2565 effectus,
358 2508 520 2567 peccatorum
532 2509 678 2555 nostrorum
689 2506 805 2555 remissio
813 2506 935 2569 petenda,
945 2512 970 2558 et
979 2521 1110 2560 resurree-

46 2577 115 2625 tiouis
128 2578 212 2638 gratia
223 2579 248 2625 et
262 2578 343 2625 virtus
357 2575 508 2625 invocanda.

71 2645 168 2695 Christe
179 2647 290 2695 moriens
300 2649 324 2693 et
336 2656 381 2707 pro
394 2656 434 2694 me
446 2648 566 2705 moriens,
577 2648 612 2695 sis
622 2648 785 2709 peccatorum
794 2658 910 2699 meorum
919 2659 987 2698 mors
996 2647 1109 2699 :Christe

45 2725 186 2776 resurgens,
201 2717 235 2764 sis
253 2716 345 2764 animae
363 2726 426 2763 meac
436 2714 520 2776 saltis,
536 2718 774 2776 vita,resurrectio.

72 2785 116 2832 Sed
130 2784 200 2834 circa
209 2782 258 2833 boc
268 2782 326 2834 littei
338 2786 429 2834 nostre
442 2782 584 2845 objectum,
596 2788 656 2834 nota
668 2784 736 2847 quod
751 2789 837 2836 nostra
846 2785 908 2839 fides
921 2790 1022 2851 superet
1032 2787 1109 2839 Abra·

45 2851 79 2901 he
93 2855 182 2903 iidem.

73 2924 184 2973 tradidit
196 2921 323 2972 Abrabam
341 2922 369 2971 in
379 2922 458 2972 mum
472 2924 516 2984 qul
532 2926 638 2973 suscitat
648 2928 775 2985 mortuos,
789 2928 866 2989 etqui
878 2925 934 2976 ideo
943 2931 1041 2990 poterat
1053 2940 1109 2978 om-

46 2993 182 3054 nipotentie
195 2992 257 3052 suh,
271 2993 417 3055 corporibus
435 2994 507 3054 quasi
521 2997 643 3045 emortuis
657 2993 764 3045 Abrahae
777 3001 801 3045 et
812 2997 880 3046 Sarae
890 3034 898 3057 ,
909 2997 970 3047 dare
987 3000 1109 3049 virtutem

45 3061 176 3121 generandi
188 3060 298 3111 sobolem
315 3082 321 3112 ι
336 3074 440 3125 corpora
454 3065 541 3112 autem
551 3063 658 3113 Abrahae
673 3066 699 3113 et
709 3064 776 3117 Sara
787 3079 839 3115 non
850 3066 1107 3126 erantroremortm,

46 3134 83 3180 sed
97 3132 201 3182 tanthm
213 3131 327 3193 ligante.
619 3176 624 3187 ,

72 3204 118 3253 llos
134 3202 197 3252 verb
211 3200 337 3252 eredimus
349 3204 376 3251 ln
393 3200 474 3251 ileum
485 3239 492 3262 ,
503 3204 546 3264 qui
557 3202 644 3253 iesum
657 3203 786 3253 Christum
796 3202 855 3253 rere
866 3208 1012 3267 munuum,
1023 3202 1112 3259 veri&

47 3275 149 3323 mortuis
162 3273 308 3333 suscitavit,
326 3285 459 3333 nunquam
477 3275 639 3323 moriturum.
652 3272 731 3334 liuius
748 3286 805 3336 ergo
818 3274 880 3337 quid
891 3275 1018 3325 credimus
1030 3275 1111 3337 quim·

47 3346 106 3404 quod
123 3342 253 3393 soranam
269 3342 384 3392 credidit.
506 3338 511 3345 '

73 3415 142 3464 Adde
154 3411 224 3475 qubd
235 3412 361 3461 oredimus
370 3416 491 3475 praeterea
502 3412 588 3461 Jeaum
600 3425 645 3474 pro
660 3416 771 3476 peccatis
785 3413 878 3463 nostris
890 3411 948 3461 vere
959 3417 1106 3476 mortuum,

48 3488 68 3531 at
83 3486 184 3546 propter
199 3482 407 3542 justiticatlouem
423 3486 536 3532 nostram
553 3485 705 3533 suscitatum
725 3503 731 3531 ι
744 3483 788 3543 qui
801 3482 852 3531 duo
867 3485 927 3532 sunt
945 3483 990 3532 alli
1005 3482 1107 3534 articuli

49 3552 192 3602 naturaliter
208 3551 476 3614 incomprehensibiles
484 3571 492 3613 ς
511 3554 537 3600 et
555 3550 586 3601 cb
601 3564 665 3612 quos
686 3551 749 3601 tides
762 3554 847 3601 nostra
858 3564 946 3603 rursus
956 3554 1037 3614 maior
1052 3557 1105 3616 cst,

49 3621 463 3684 quondobjectum,lldelbrahae.
703 3629 706 3635 '

75 3694 122 3742 ltao
134 3692 184 3742 hoc
193 3692 288 3747 mirum
301 3694 351 3751 est,
368 3692 388 3740 si
400 3703 445 3753 pro
458 3690 532 3740 modo
543 3690 721 3752 revelationis,
737 3694 844 3741 creverit
858 3696 883 3744 et
897 3692 967 3743 tides.

77 3762 123 3812 Sed
140 3762 205 3811 bene
216 3764 276 3810 note
287 3759 354 3822 quod
364 3773 410 3824 pro
421 3761 495 3811 modo
505 3760 563 3809 litlel
577 3763 657 3811 creuit
670 3764 694 3810 et
705 3761 821 3825 obligatio
834 3766 892 3814 vitre
903 3764 1050 3828 sanctioris3
1062 3765 1109 3818 ubl

51 3836 114 3881 enlm
125 3832 191 3881 heus
206 3830 264 3895 plus
278 3830 400 3891 contulit,
417 3830 474 3894 plus
489 3834 514 3879 et
527 3832 610 3891 erigit.

78 3903 141 3952 lline
161 3900 299 3951 Christiani
315 3900 405 3950 debent
428 3900 612 3962 antiquioribus
629 3900 758 3966 fidelihus,
781 3905 858 3955 etlam
872 3903 934 3967 ipsis
954 3900 1110 3956 hhlarchie

52 3980 99 4022 esse
113 3972 269 4032 meteres,
280 3970 366 4035 utpote
376 3969 514 4035 mqoalhua
524 3968 597 4021 donis
609 3972 739 4033 presenti.
