2559 4450
176 379 211 442 er
471 367 951 442 srrsrdunsnneusros

205 475 349 544 uniquam
366 477 450 546 potiris
463 495 515 534 nen
528 493 664 548 peccemus
676 482 778 545 propter
835 437 1248 553 8.Etnen(sleuiblaspl1emu·

174 545 244 600 bunc
265 547 360 610 linem,
379 550 492 613 scillcet,
511 558 541 601 ut
554 553 648 601 nostris
666 550 779 612 peceatie
801 573 874 625 mur,
903 566 932 614 01
949 560 1021 615 mut
1037 559 1121 617 ajunt
1135 560 1249 630 quidam

173 619 309 682 spectatior
320 618 364 669 liat
374 618 419 672 uei
434 620 513 683 gloria
526 639 533 670 ι
547 621 632 704 (sieut
643 620 722 682 aliqui
734 632 778 682 per
801 651 854 691 „03
863 636 975 707 dicere)
986 638 1126 693 faciamus
1138 641 1212 691 mapa
1224 645 1249 689 qq

174 688 332 742 calumniam
345 689 435 740 dicunt
450 690 481 740 de
497 691 585 751 nobis,
601 690 778 750 verbanosirn
802 716 916 769 veniam
926 715 1003 769 hona
1013 733 1020 770 :
1032 730 1163 786 quorum
1175 716 1250 769 dam.

176 760 214 808 sic
234 758 447 820 interpretantes,
466 761 539 820 quasi
567 771 615 809 nos
637 761 673 807 lta
691 756 779 818 loqua-
852 794 858 806 .
892 793 898 805 .

171 823 251 886 mur)
267 827 279 872 i
294 824 342 874 Sed
358 825 447 888 procui
461 827 476 875 d
492 829 541 888 piis
557 823 652 876 animle
671 827 724 874 sint
739 825 779 873 bre
802 799 964 864 ”amima
975 801 1029 852 ⁰⁸⁸·

175 895 333 956 impletatem
351 899 376 944 et
395 897 431 945 ita
455 899 611 954 sentientes.
628 900 654 946 et
676 899 712 945 lta
735 908 779 945 ee·

175 965 329 1016 tumulantes
338 999 345 1024 ,
355 964 422 1024 juste
434 967 460 1013 et
470 963 562 1014 merito
577 964 777 1014 damnabuntur.

204 1033 269 1095 Sed,
285 1039 315 1083 ut
329 1033 362 1084 ed
376 1036 534 1097 propositum
546 1034 648 1084 redeam
661 1052 669 1082 ε
686 1047 721 1082 an
732 1045 778 1082 nos
835 1043 863 1095 9,
876 1041 949 1105 Quid
961 1039 1046 1109 ergo?
1058 1039 1250 1094 pfmeffimus

174 1100 255 1153 iudei
268 1103 436 1167 praecellimus
449 1102 572 1153 Ethnleos
586 1105 614 1152 in
627 1101 717 1151 salutis
733 1114 779 1149 ne·
801 1118 869 1172 eos?
901 1120 1094 1184 Nequaquam,
1138 1114 1249 1170 causan

175 1174 258 1234 gotio?
274 1172 398 1232 minime3
411 1173 465 1231 J'am
479 1173 549 1220 enim
563 1174 590 1220 in
606 1171 778 1233 superioribus
801 1196 876 1249 enim
887 1210 984 1248 sumus
1008 1193 1125 1248 Judaeos
1137 1198 1168 1247 et
1177 1195 1250 1246 Grae,

174 1241 273 1290 ostendi
288 1255 389 1300 omnes,
405 1245 431 1290 et
448 1241 547 1292 Judteos
563 1245 589 1290 et
606 1240 706 1290 Graecos
724 1254 778 1288 csse
800 1287 850 1326 cos
861 1286 958 1326 omnes
969 1235 1022 1326 sab
1053 1276 1155 1326 ww
1169 1283 1247 1324 esse,

175 1311 222 1360 sub
235 1313 331 1374 peccati
343 1314 404 1373 jugo
418 1314 529 1373 captivos
545 1331 551 1362 ι
566 1313 594 1362 1ιι
608 1311 657 1361 hoc
673 1314 776 1371 autem,
1033 1286 1052 1340 p
1242 1307 1248 1320 '

175 1389 246 1442 quae,
261 1382 285 1428 et
297 1379 340 1430 ubi
358 1378 548 1442 precellentis?

205 1443 277 1504 Quod
288 1449 313 1494 et
331 1445 362 1494 de
375 1447 493 1495 omnibus
505 1446 582 1496 simul
600 1446 679 1510 probo
694 1447 777 1496 Saerac
834 1443 880 1493 io.
905 1439 982 1492 Sicut
1009 1436 1150 1506 scriptum
1178 1440 1248 1488 est:

175 1513 311 1632 {eriphulrlae
329 1518 496 1577 auctoritate,
510 1516 578 1580 apud
596 1517 695 1568 Judaeos
711 1519 776 1566 irre·
800 1519 929 1588 quianon
937 1515 1248 1584 estjustusquisquam:

188 1593 246 1640 faga
264 1596 271 1629 l
293 1617 301 1634 e

206 1651 777 1716 ScriptumestPs.itiionestquisquumlus-
833 1657 1247 1724 rr.n0nesrinteiiigens,non

176 1723 288 1772 tusznon
296 1724 383 1784 estqui
391 1721 774 1786 inteiliqataulrequiratiieum.
799 1743 841 1792 est
852 1737 1000 1804 requirens
1011 1737 1110 1788 neum,

206 1895 230 1944 8.
243 1896 267 1943 9.
276 1895 307 1943 Et
317 1907 367 1943 eon
378 1891 456 1956 (sicut
469 1894 721 1958 blasphememur...)
732 1896 858 1958 faciemus
869 1893 954 1953 mele,
967 1891 1020 1942 imo
1030 1890 1117 1956 potius
1131 1890 1246 1942 iacienda

176 1965 252 2012 erunt
264 1961 348 2023 mala,
361 1967 389 2012 ut
402 1963 461 2013 inde
474 1967 555 2025 major
565 1965 615 2014 lieo
628 1964 707 2026 gloria
718 1967 859 2028 proveniat.
872 1963 949 2013 Aliud
965 1963 1169 2022 inconveniens,
1182 1959 1246 2022 quod

176 2031 283 2082 infertur
300 2033 384 2082 :sicet
401 2033 623 2096 blasphememur,
635 2034 662 2083 id
676 2038 726 2094 est,
739 2037 807 2083 sicut
825 2045 870 2095 per
886 2031 1056 2092 calumniam,
1068 2029 1152 2092 ailqui
1171 2030 1245 2080 uerba

176 2106 275 2162 nostra,
290 2115 342 2151 non
353 2103 420 2153 bont
430 2102 479 2153 lide
492 2104 642 2164 relerentes,
656 2103 745 2153 dieunt
759 2102 790 2152 de
805 2104 886 2152 nobb.

207 2171 319 2222 Fortasse
330 2175 390 2237 qula
401 2174 497 2224 dixerat
510 2175 643 2238 Apostolus
654 2193 662 2224 ι
675 2175 720 2224 ubi
731 2175 872 2224 abundavit
882 2172 1013 2229 mileum,
1026 2170 1244 2233 eapeebundesit

178 2248 200 2291 et
210 2244 304 2304 pretio.
316 2244 443 2306 Quidquid
457 2247 489 2293 sit
498 2280 505 2305 ,
514 2245 568 2295 hnc
580 2246 667 2294 omnia
676 2245 706 2293 u.
722 2243 815 2293 Paulus
825 2247 947 2304 tanquam
965 2241 1042 2290 nimis
1058 2240 1171 2289 absurda
1186 2241 1245 2288 satis

176 2312 251 2363 hebet
259 2313 385 2375 detestari,
394 2315 475 2373 absit,
484 2316 552 2377 quod
561 2316 732 2366 abominantis
742 2319 788 2364 est.
797 2314 829 2363 ut
837 2314 905 2363 banc
917 2311 1072 2363 calumniam
1081 2315 1244 2361 contemnere

177 2386 202 2432 et
215 2384 289 2445 poena
302 2384 475 2446 dignissimam
489 2386 572 2436 dicere
582 2406 590 2436 ι
601 2400 711 2449 quorum
721 2381 850 2435 mercede
863 2394 993 2445 :quornm
1004 2381 1032 2431 id
1041 2382 1124 2442 estet
1137 2383 1176 2431 lta
1186 2394 1243 2431 sen-

176 2453 296 2502 ilentium
309 2456 380 2503 etita
393 2454 607 2506 calumniantium
625 2457 754 2505 damnatio
769 2454 842 2516 juste
857 2459 900 2502 eet.

207 2522 345 2586 Notaqudd
353 2538 413 2575 vera
423 2528 551 2588 responsio
567 2526 600 2574 sd
611 2525 679 2573 hanc
690 2525 857 2583 objectionem
867 2536 894 2571 n.
909 2523 933 2570 5.
948 2520 1112 2581 inchoatam,
1124 2523 1169 2581 sit,
1178 2519 1242 2582 qnod

176 2600 310 2657 peceatum
322 2606 367 2659 per
385 2609 411 2646 se
429 2601 454 2644 et
465 2595 559 2644 directe
571 2608 623 2644 non
641 2594 703 2643 iacit
718 2595 750 2643 ad
764 2594 808 2643 bei
821 2594 927 2655 gloriam
945 2591 1015 2656 (imo
1026 2603 1071 2654 per
1084 2604 1113 2641 se
1123 2592 1241 2641 avertite

175 2664 242 2726 ileo)
260 2684 267 2713 r
284 2666 327 2714 sed
338 2664 438 2714 tantum
455 2676 499 2725 per
510 2664 627 2713 accidens
636 2667 662 2712 et
674 2668 763 2725 preter
778 2665 945 2713 intentionem
958 2663 1102 2725 peccantis,
1117 2667 1242 2724 qnatenus

176 2734 243 2783 liene
257 2746 302 2795 per
317 2746 389 2782 suam
402 2736 541 2795 potentiam
552 2737 577 2782 et
587 2736 738 2795 sapientiem
750 2736 798 2783 seit
807 2747 838 2783 ex
848 2733 922 2784 melis
934 2732 1025 2782 eiicere
1037 2733 1114 2781 bona.

206 2802 269 2851 Vera
292 2804 377 2863 itaque
395 2815 471 2851 eausa
492 2801 637 2852 illustrioris
650 2804 694 2852 ilci
714 2802 800 2864 glorie
812 2806 851 2851 est
863 2804 1024 2865 omnipotens
1038 2800 1085 2851 Del
1101 2801 1204 2851 bonitas
1219 2804 1241 2847 et

174 2873 298 2935 sapientis
308 2908 315 2933 ,
327 2876 460 2935 peccatum
471 2876 559 2925 eontra
568 2879 687 2927 naturam
696 2887 780 2935 suam,
788 2877 813 2924 ei
824 2877 913 2924 eontra
923 2874 1053 2937 peccantis
1062 2874 1240 2929 intentionem,

175 2942 297 2992 ordinans
309 2942 342 2993 ad
354 2942 393 2993 sui
405 2942 520 3004 gloriam.

205 3012 271 3063 liine
284 3013 352 3075 juste
369 3015 474 3077 punitus
493 3018 610 3078 peccator
620 3053 627 3076 ,
638 3016 684 3067 liei
702 3014 785 3078 legem
795 3013 910 3077 violeum
925 3013 1036 3075 istaeque
1051 3024 1188 3075 numnam
1203 3012 1239 3061 ia·

177 3082 267 3133 cienda
280 3083 361 3145 mela,
373 3096 429 3147 qua
446 3083 564 3136 Deleant
582 3086 693 3136 eliense.

205 3170 231 3217 9.
248 3166 315 3227 Quid
331 3167 390 3231 erpo
403 3168 572 3231 praesttimus
585 3173 647 3219 ees?
659 3170 717 3218 Post
727 3167 908 3232 digressionem
918 3202 925 3226 ,
936 3164 1003 3215 redit
1011 3163 1046 3216 ad
1056 3166 1216 3228 propositum
1231 3182 1237 3211 ι

175 3236 214 3287 An
225 3239 285 3298 quia
293 3238 344 3288 diri
357 3252 384 3287 n.
396 3241 420 3288 2.
428 3237 540 3289 multum
548 3239 654 3291 omnino
665 3241 835 3302 praerogative
844 3248 898 3285 esse
910 3235 1004 3285 Judaeis
1012 3272 1021 3295 ,
1029 3234 1124 3296 qulbus
1134 3248 1238 3285 concre-

175 3307 227 3359 dita
239 3309 299 3359 iuni
312 3308 410 3372 eloquia
421 3308 482 3369 Dei,
491 3308 581 3359 ideone
596 3323 643 3361 noa
654 3309 734 3361 Judael
747 3307 915 3372 praecellimus
926 3305 1059 3357 Gentiles?

204 3378 345 3442 Respondet
362 3397 369 3429 ε
387 3379 561 3441 Nequaquam.
574 3378 617 3429 Gr.
630 3392 683 3429 non
696 3377 815 3437 omnino,
834 3381 860 3425 et
879 3378 907 3425 in
920 3376 969 3427 hoc
988 3373 1123 3437 Apostolus
1135 3387 1187 3426 non
1204 3378 1238 3422 est

174 3446 222 3499 elbl
233 3450 376 3501 conumius
390 3467 397 3497 ε
410 3450 470 3510 quia
483 3447 551 3508 quod
567 3446 631 3496 dixit
643 3447 675 3497 de
689 3439 834 3499 iadaeoruu'i
845 3444 1009 3505 excelientia,
1022 3441 1146 3494 intellexit
1156 3444 1187 3493 de
1197 3445 1237 3491 be-

174 3515 272 3570 neflciis
289 3519 413 3577 externis,
424 3518 456 3567 de
473 3516 542 3580 lege,
554 3516 585 3567 de
598 3516 751 3578 seripturis,
763 3520 812 3565 ete.
824 3514 895 3576 pune
910 3520 997 3563 eutem
1011 3518 1185 3574 negatum,
1200 3516 1238 3562 in-

185 3584 264 3647 eliigit
274 3584 305 3635 de
315 3588 496 3648 contuedun,
511 3588 526 3637 a
542 3599 592 3649 qua
603 3586 711 3649 petenda
723 3592 761 3636 est
772 3599 831 3635 vera
846 3585 959 3635 bominis
973 3582 1131 3634 excellentia.

207 3652 310 3707 &usati
325 3655 390 3705 enim
402 3669 499 3707 merus.
514 3656 558 3707 Gr.
574 3659 724 3720 praeeauseu
739 3669 829 3706 sumus
844 3658 923 3705 enim.
941 3655 998 3718 Syr.
1014 3656 1069 3714 jam
1083 3657 1144 3703 ante
1156 3652 1236 3703 deier-
1263 3701 1265 3718 ἶ

175 3726 330 3776 minavlmue
342 3725 373 3775 de
381 3725 474 3777 ludaeis
485 3731 510 3776 et
525 3727 667 3778 Gentilibus
682 3740 771 3777 omnes
784 3741 837 3777 esse
848 3728 896 3780 sub
907 3731 1019 3789 peccato.
1263 3721 1265 3746 ¹

204 3796 295 3846 Probat
307 3808 360 3847 non
371 3795 427 3846 ideo
438 3797 580 3861 precellere
595 3800 608 3849 J
611 3798 710 3859 udaeos;
724 3799 784 3859 quie
799 3812 856 3861 cap.
871 3802 880 3846 l
895 3802 919 3847 et
932 3800 957 3846 2.
970 3794 1027 3845 lam
1040 3794 1199 3845 ostendimus
1213 3801 1236 3844 ct

176 3862 274 3917 ludens
285 3870 311 3915 et
321 3865 421 3917 Grecos
434 3878 487 3916 esse
498 3873 642 3931 peccateres
650 3906 657 3929 ,
665 3880 711 3917 seu
720 3868 767 3917 sub
777 3871 836 3929 jugo
847 3869 958 3931 peccatl3
969 3866 1012 3917 ubi
1022 3870 1061 3918 est
1070 3866 1234 3931 precellentis

176 3936 275 3985 vestre?
286 3935 352 3983 elcut
363 3949 390 3985 n.
402 3938 442 3985 27.
455 3936 502 3985 ubi
513 3942 548 3985 cst
558 3951 616 3999 erqo
628 3937 748 4003 qlortetio
764 3940 827 3987 tue?

209 4018 247 4067 10.
262 4016 334 4067 secet
348 4018 471 4079 irreptum
483 4023 518 4069 eet
533 4018 619 4079 :puio
629 4032 680 4067 non
693 4023 728 4067 eet
739 4018 825 4081 justus
839 4017 984 4085 quiequam.
998 4018 1041 4072 Gr.
1058 4018 1146 4085 Neque
1160 4033 1233 4074 unus,

210 4102 249 4153 ll.
261 4097 298 4152 12.
313 4102 352 4153 ie.
365 4100 403 4151 ii.
417 4101 455 4153 ie.
467 4102 505 4155 ie.
517 4102 555 4154 ii.
570 4102 607 4152 18.
619 4098 681 4152 Vide
691 4100 797 4169 parapb.
1262 4097 1264 4134 ε
