2559 4450
245 313 417 369 durantia
434 312 656 372 excessum.
674 315 759 372 cle.
776 314 856 371 XIV.
1028 310 1081 372 201'

57 411 102 461 19.
111 410 210 478 daque
219 422 284 478 oure
293 412 370 479 pacis
379 419 460 477 sunt,
514 411 1082 476 ltaqueseotemureaqnaepuccmconciliant

25 492 182 541 sectemur:
195 494 224 541 pp
232 501 296 556 qu„
306 490 464 544 Μαίη.
484 481 508 528 et
522 484 628 540 augent,
638 483 665 529 ιι
677 493 706 530 aa
719 480 841 530 faciamus
853 493 910 543 que
921 481 955 532 ad
966 484 1083 533 mutuam

23 564 67 612 nis
82 570 163 630 suns,
182 566 213 618 pn
231 565 354 620 imioem
366 572 463 622 msto,
484 548 618 599 conferunt
627 548 830 600 edificationem.

25 639 143 694 «liumus.
225 677 249 693 ,.

57 720 99 770 ιο,
112 719 176 771 Noli
183 725 296 786 propias
309 721 464 774 mando.
515 714 596 775 Cave,
614 713 772 776 Christiano,
794 718 822 766 tu
841 697 1022 777 iidc‘doctior,
1049 727 1084 768 ne

24 804 130 851 spuere
140 810 214 864 0913
222 797 281 852 ppei,
484 788 584 847 propter
605 783 682 834 vilem
705 784 792 836 elbum
814 786 928 836 destruas
947 785 1084 836 mdiflclum

484 854 542 915 lici,
566 853 669 903 fratrem
691 853 788 904 scilicet
815 855 959 918 infirmum,
978 857 1007 907 in
1033 867 1084 918 que

484 923 600 974 Christus
610 936 655 987 pcr
666 923 743 974 fldem
755 924 862 976 habitat.

25 996 122 1051 Omnia
135 995 251 1066 quidem
259 1002 325 1052 sunt
335 999 441 1053 munda
453 1016 462 1053 ς
514 993 587 1052 Seio,
599 997 625 1041 ιι
635 991 699 1042 illud
706 995 760 1054 jam
773 993 839 1053 dixi,
850 994 950 1045 nullum
959 995 1084 1048 cibumex

484 1073 511 1111 ιι
526 1059 689 1110 immundum
703 1074 771 1120 essa;
786 1061 839 1111 lmd
852 1061 942 1111 mundi
956 1065 1016 1111 sunt
1026 1075 1084 1111 orn-

484 1144 545 1192 nes,
556 1135 613 1180 turn
622 1131 715 1182 nature
725 1131 787 1193 sud,
798 1134 855 1184 turn
871 1131 964 1184 Christi
983 1133 1083 1182 Domini

25 1267 69 1319 sod
82 1268 190 1321 malum
205 1273 249 1322 ιιι
266 1266 391 1333 homini,
413 1269 462 1336 qui
484 1203 683 1318 pelrlrillrlfflolmginus
701 1269 789 1331 peccat
806 1267 863 1330 ille,
879 1269 922 1329 qui
934 1265 989 1317 cibo
1006 1279 1036 1316 ιιι
1057 1277 1084 1318 ιι

24 1358 69 1410 per
85 1345 286 1400 offendiculum
301 1346 460 1401 manducat,
484 1336 553 1387 licito
566 1339 714 1386 utiturcum
732 1339 772 1385 sui
786 1336 869 1386 fratris
879 1334 1010 1395 scandulo;
1021 1336 1084 1404 tunc

484 1408 554 1456 enim
566 1418 595 1456 re
607 1405 674 1455 bone
685 1405 751 1456 male
761 1407 852 1455 utitur.

26 1620 81 1655 nura
98 1604 164 1654 alios
174 1603 338 1666 spiritualiter
349 1601 510 1663 consolandi,
524 1613 576 1652 non
587 1607 673 1654 autem
686 1603 888 1653 contentionibus
899 1602 1029 1664 irritandi,
1039 1601 1084 1665 qut

25 1679 58 1724 sic
70 1676 171 1725 Christo
182 1675 272 1734 servit,
284 1678 310 1723 ιι
319 1674 370 1722 ileo
385 1672 469 1736 placet
479 1676 505 1721 et
516 1672 547 1722 ab
558 1673 703 1722 hominibus
713 1674 761 1735 plis
774 1672 935 1735 approbatur.

56 1769 92 1814 19.
104 1766 194 1826 impos
206 1776 262 1825 pue
279 1761 351 1824 posia
360 1766 420 1810 sunt
434 1766 569 1819 sectemur,
581 1765 605 1810 ef
616 1773 702 1822 pue...
713 1759 769 1822 Syr.
781 1773 851 1810 nunc
863 1763 919 1824 post
928 1773 1016 1824 pacem
1026 1773 1086 1812 eur·

26 1847 110 1882 ronons
124 1835 218 1895 etpost
232 1830 424 1880 edificationem
435 1833 563 1879 mutuam.

55 1904 90 1951 Ex
100 1901 176 1952 dictis
187 1898 316 1950 concludit
327 1896 476 1960 Apostolus,
488 1900 517 1946 ut
529 1911 590 1947 cnm
600 1897 684 1949 studio
694 1911 740 1947 nos
751 1896 905 1961 applicemus
913 1898 946 1946 ad
957 1899 1084 1960 sectanda,

27 1985 79 2031 qum
97 1969 132 2020 ad
149 1981 239 2034 pacem
255 1971 281 2020 et
300 1966 334 2019 ad
351 1968 469 2017 mutuam
485 1966 679 2018 aeditloationcm
691 1968 835 2030 pertinent,
849 1978 893 2028 per
910 1967 976 2016 bona
989 1967 1086 2020 scilicet

29 2040 146 2103 exempla.

57 2124 214 2171 Oosenvsrro
225 2131 392 2171 oocrnrnrurs
402 2131 434 2168 nr
447 2130 565 2168 nonnius.
575 2117 739 2178 -Frequens
750 2119 776 2165 et
785 2115 909 2166 familiare
921 2121 958 2166 ιιι
969 2116 1085 2178 apostolo

30 2205 118 2242 nrsnren
139 2190 328 2250 aedidcationis3
345 2188 412 2238 etah
426 2189 480 2250 ipso
499 2187 595 2237 factum
613 2191 638 2236 et
658 2185 780 2235 familiare
798 2185 1085 2248 Christianis,quorum

29 2270 110 2311 tonreu
119 2262 195 2324 pauci
205 2262 258 2309 rim
268 2264 293 2307 et
304 2259 427 2319 originem
436 2258 547 2306 nominis
558 2255 626 2305 illius
636 2254 780 2317 intelligunt
792 2268 800 2304 c
813 2258 841 2305 ut
857 2258 942 2304 autern
953 2255 1085 2317 intelligas,

56 2334 117 2381 Nota
130 2336 155 2379 t·
164 2328 232 2391 quod
245 2327 386 2378 secundem
395 2325 542 2389 apostolum
552 2323 638 2374 tideles
648 2328 709 2373 sunt
719 2322 914 2388 tempiumuei,
926 2328 948 2374 1.
960 2324 1018 2375 Gor.
1029 2338 1085 2389 cap.

31 2408 51 2452 3.
68 2417 95 2451 n.
111 2405 157 2461 163
171 2413 228 2462 cap.
244 2403 269 2448 6.
283 2412 310 2447 n.
325 2402 371 2458 ¹95
385 2400 409 2445 2.
422 2396 479 2445 Cor.
491 2407 547 2456 cap.
560 2398 585 2443 6.
598 2408 625 2443 ιι.
643 2398 681 2443 16.

59 2476 84 2520 20
95 2469 229 2519 Paradlsus
244 2471 282 2517 est
293 2468 397 2527 civitas,
408 2468 481 2526 cuius
496 2464 562 2513 Deus
574 2463 693 2513 fundator
704 2464 729 2511 ιι
741 2460 908 2512 architectus.
920 2464 981 2514 llcb.
996 2468 1033 2514 11.
1048 2468 1086 2517 id.

30 2542 104 2599 Crrjus
119 2538 212 2601 singuli
224 2536 310 2587 fideles
330 2538 391 2585 sunt
409 2535 505 2599 lepidos
519 2535 585 2593 vivi,
598 2532 689 2595 scalpri
705 2530 812 2583 salubris
825 2532 916 2583 ictibus
930 2537 954 2583 et
969 2536 1088 2585 tunsione

31 2610 137 2670 plurime
149 2608 299 2671 preparati,
311 2609 340 2655 ut
351 2607 378 2655 in
390 2617 436 2654 suo
450 2608 604 2667 reponuntur
620 2602 686 2653 loco.

59 2681 123 2728 ilinc
140 2677 204 2727 illud
223 2688 298 2726 omne
315 2674 383 2737 quod
404 2673 527 2733 fecimus,
542 2678 570 2723 ut
583 2674 712 2736 proximus
727 2677 827 2735 noster,
839 2672 879 2722 vel
894 2674 993 2725 Christo
1010 2671 1087 2736 lapidi

31 2750 143 2811 ungulari
155 2748 255 2799 firmius
273 2748 394 2807 uniatur,
412 2743 453 2793 vel
465 2745 576 2794 invicem
591 2743 655 2794 alter
673 2742 746 2793 alteri
761 2744 882 2793 charitate
896 2746 1025 2806 jungatur.
1035 2742 1088 2793 lloc

31 2824 133 2869 rocutur
147 2818 288 2868 aedideatlo.
479 2842 484 2845 -

60 2886 186 2950 Quidquid
198 2889 274 2949 igitur
286 2886 318 2936 ad
330 2884 514 2936 mautnunem
526 2882 623 2933 confert
633 2886 659 2932 et
674 2882 800 2946 disponit,
817 2882 948 2933 aedidcatio
962 2885 1006 2932 est.
1085 2874 1087 2879 ’

59 2958 184 3021 Quidquid
195 2958 227 3007 ad
241 2958 400 3007 sanctitatem
411 2955 523 3015 confert,
536 2964 595 3015 scu,
607 2957 637 3002 nt
646 2952 754 3017 Spiritus
767 2953 874 3004 Sanctus
886 2955 913 3003 in
926 2954 1009 3016 vobis,
1019 2950 1089 3005 velut

33 3036 57 3081 in
72 3028 165 3092 templo
180 3040 227 3078 suo
238 3028 352 3088 habitet,
368 3025 500 3076 edificatio
516 3025 562 3074 cst.

60 3102 113 3149 Iioo
124 3102 210 3148 ιιιιιιιι
221 3096 254 3147 ed
265 3096 314 3146 hoc
327 3095 461 3145 conferunt
478 3112 485 3145 s
502 3092 654 3144 documento
667 3091 764 3142 scilicet
776 3094 801 3141 et
814 3092 935 3156 exempla.

62 3187 101 3232 ιο.
122 3180 183 3232 Noli
200 3185 303 3243 propter
321 3192 402 3229 ccccm
419 3178 543 3227 destruere
561 3188 625 3237 opus
643 3174 690 3222 Dei
691 3208 750 3223 ......
768 3172 811 3222 Gr.
831 3187 865 3222 ne
885 3176 985 3236 propter
1006 3184 1091 3225 escam

34 3256 152 3303 destruite
162 3255 212 3301 etc.
223 3251 248 3300 id
262 3252 316 3311 est,
328 3262 388 3300 eave
398 3261 431 3297 ne
439 3251 539 3311 propter
551 3245 655 3303 cibum,
669 3246 713 3304 qui
729 3255 768 3292 ιιι
786 3246 824 3292 ιιι
844 3256 874 3291 ex
889 3255 916 3293 se
929 3242 1089 3307 indifferens,

35 3327 144 3373 destruas
159 3324 185 3370 ιι
199 3324 297 3370 ιιιιιιι
310 3318 445 3369 editicium
456 3317 513 3377 liei,
528 3314 651 3376 templum
664 3312 724 3372 Del,
735 3309 831 3360 donum
844 3312 897 3362 Del.

62 3394 205 3442 Perseverat
214 3392 241 3439 ln
252 3393 332 3452 coepta
345 3388 431 3451 templi
443 3386 522 3448 ligura
532 3403 539 3433 ι
550 3382 635 3443 frater,
645 3394 689 3432 seu
700 3382 868 3441 Christianus,
878 3383 905 3432 in
917 3394 967 3443 qrro
977 3382 1091 3433 Christus

35 3464 142 3521 habitat,
156 3457 247 3508 domus
258 3462 295 3507 est
305 3456 364 3518 liei,
376 3454 502 3517 templum
513 3451 621 3516 Spiritus
633 3452 732 3511 sanctu
747 3460 807 3499 carc
818 3460 859 3509 nc,
868 3462 912 3513 per
925 3452 999 3499 tuum
1010 3462 1091 3501 exeru-

36 3533 118 3594 plum,
132 3528 275 3577 destruatur
286 3525 335 3575 hoc
349 3537 412 3587 opus
423 3524 477 3573 liei.

64 3602 128 3649 ilino
137 3597 266 3647 discamus
275 3597 370 3656 qrranto
380 3594 463 3643 studio
475 3590 593 3642 cavenda
602 3591 655 3639 sint
665 3588 839 3639 altercationes
849 3600 937 3651 pacem
947 3589 1092 3651 turbantes,

36 3675 60 3719 et
72 3669 139 3718 mala
158 3666 270 3729 exempla
284 3664 317 3713 ad
331 3663 429 3713 maium
441 3661 589 3712 inducentia
599 3677 607 3719 ς
618 3659 678 3708 curn
689 3670 734 3721 per
745 3658 798 3706 hec
810 3656 953 3708 destruatur
964 3671 1027 3722 opus
1038 3656 1092 3709 liei.

69 3742 159 3793 omnic
170 3742 271 3803 quidem
279 3743 338 3788 mot
348 3738 457 3795 mundo,
468 3734 511 3785 ced
520 3734 649 3783 molum...
659 3732 715 3796 syr.
722 3731 769 3782 sed
778 3728 846 3783 male
853 3736 914 3783 sunt
924 3733 1023 3783 homini
1031 3768 1039 3793 ,
1048 3734 1092 3795 qul

37 3828 96 3863 cum
110 3807 277 3869 offendiculo,
292 3812 343 3858 ete.
415 3829 421 3837 ¹

67 3884 152 3931 Fateor
162 3879 267 3941 quidem
279 3915 287 3939 ,
300 3882 326 3927 et
341 3876 405 3926 illud
419 3878 473 3937 iam
484 3875 535 3925 diri
548 3886 625 3937 supra
634 3886 663 3923 n.
678 3873 716 3921 tl.
948 3916 954 3923 .

67 3952 153 4003 Nullus
162 3950 236 4000 ciens
247 3948 396 4000 immundus
405 3951 443 3997 est
449 3965 459 4008 ς
467 3945 512 3997 sed
521 3956 610 3995 omnes
619 3944 671 3994 cibi
681 3944 742 3992 sunt
752 3940 859 4001 mandi,
870 3943 926 3990 tum
937 3940 1027 3992 uaturt
1037 3940 1092 4003 sut,

40 4027 93 4075 tum
105 4021 198 4075 cunuti
211 4021 336 4086 pumina
344 4019 449 4085 3pocsat
457 4013 625 4069 eutonium
632 4012 778 4079 insumul
789 4009 840 4065 iilis
851 4010 931 4063 utitin
942 4022 1003 4063 cnm
1017 4009 1095 4063 oden
