2559 4450
186 276 241 342 ssd
378 285 508 341 nnrrrn
523 259 723 342 nrrsrorrs
742 287 792 343 ro
809 287 1054 344 conrururos

214 379 280 432 send
291 393 343 432 non
357 379 483 443 estbona,
498 380 549 432 lmd
564 380 632 433 mals
645 387 670 434 et
688 385 782 434 intem·
837 388 866 439 6.
886 385 947 440 Non
967 389 1009 440 est
1026 385 1105 440 bona
1129 382 1247 454 gloriatio

183 452 280 516 postire
292 453 329 500 est
338 456 422 501 vestro
434 451 464 500 de
475 454 597 514 sapientia
609 449 717 504 seculari
728 453 782 517 glo·
804 469 907 520 vestra,
935 465 1050 520 presciti,
1073 464 1151 534 quia
1173 464 1248 515 moa,

183 524 259 574 riutio
271 542 277 572 ε
289 525 353 572 scire
364 523 434 572 enim
447 522 558 583 debetis,
570 523 638 585 quiid
650 525 717 574 sicut
725 537 782 574 mo-
805 557 869 597 cum
879 542 1050 596 fermentum
1067 548 1169 597 totam
1185 556 1249 595 mas.

183 590 271 640 dicum
286 585 440 640 termentum
455 594 536 640 totam
553 590 640 641 farina
658 604 781 652 massam,
806 635 866 676 m
878 619 1050 691 comm,

183 663 227 713 cui
249 662 422 721 immiscetur,
442 661 559 713 imbuit:
579 663 615 710 ita
635 660 685 710 hoc
706 663 783 711 unius
1039 659 1049 676 ’

183 730 296 783 hominis
312 729 394 779 scelus
412 731 494 780 totam
514 733 626 780 uestram
640 729 783 781 Ecclesiam

183 803 265 865 potest
276 799 386 850 iniicere.

214 972 242 1018 6·
261 968 387 1019 lillectum
401 987 407 1018 ε
421 969 450 1017 tc
468 969 597 1018 intudem
608 965 707 1026 menis,
720 963 747 1020 ld
760 972 813 1030 est,
826 971 856 1018 ut
869 969 1007 1034 peccatoris
1020 967 1102 1030 buius
1118 981 1182 1018 caro
1196 967 1248 1016 ulli·

183 1042 258 1101 gutur
270 1037 286 1086 d
299 1035 430 1097 damone,
449 1037 562 1097 morbis,
576 1034 724 1086 vulneribus
743 1039 768 1086 et
785 1034 873 1099 plagis.
1140 1076 1144 1082 .

214 1107 266 1158 lloc
281 1107 464 1158 miraculorum
476 1111 605 1169 tempore,
627 1107 841 1160 ducommumcsti
857 1106 998 1158 solebantd
1017 1106 1142 1158 damone
1160 1107 1246 1164 veron,

184 1180 263 1231 etium
275 1176 425 1238 visibiliter,
441 1179 469 1226 iu
488 1188 602 1239 corpore.

214 1244 267 1296 lloc
277 1246 354 1296 refert
363 1247 502 1309 mannus,
513 1248 558 1308 qui
571 1247 634 1296 altat
645 1245 813 1297 Theodorum.
824 1245 876 1298 lloc
887 1245 987 1297 Goruel.
1000 1245 1091 1311 stp.
1103 1249 1154 1308 qui
1168 1246 1247 1295 mulius

184 1317 255 1366 citat.
267 1317 318 1366 lloc
332 1317 457 1379 Tyrium,
468 1317 512 1378 uui
531 1317 592 1366 citat
610 1315 677 1378 (hig.
690 1316 768 1366 llilur.
784 1315 887 1365 llieron.
899 1315 1014 1365 Ambros.
1027 1313 1142 1378 August.
1164 1315 1211 1364 iloc
1229 1325 1245 1360 rr

183 1384 310 1434 uthrmmo
320 1385 418 1434 ridetur
427 1384 457 1435 li.
468 1383 558 1448 Chrys.
572 1386 616 1447 qul
628 1387 667 1435 sio
679 1384 801 1449 orphen,
814 1395 875 1436 eum
885 1383 987 1434 uadens
997 1383 1100 1433 hebolo
1111 1419 1121 1445 ,
1134 1387 1245 1446 tanquan

184 1455 332 1517 mdagopo:
345 1454 394 1504 hoc
405 1458 431 1504 et
440 1453 652 1517 theophylactus.
702 1449 703 1458 ’
796 1493 799 1498 .

215 1523 266 1571 lloc
284 1528 371 1572 nmen
386 1535 439 1573 nou
455 1524 654 1586 improbabiliter
670 1524 764 1576 relutut
783 1525 882 1586 liutius,
901 1525 946 1585 uui
962 1522 1034 1584 uult,
1051 1525 1125 1575 trsdi
1141 1523 1244 1578 suiuus¹

184 1590 252 1640 nihil
263 1593 295 1640 sit
306 1591 375 1641 aliud
388 1592 465 1654 qudm
478 1595 692 1644 excommunicari
703 1614 712 1655 3
722 1607 869 1656 quanquam
880 1593 950 1644 nulla
963 1593 1104 1656 corporalis
1114 1595 1245 1649 infestatio,

184 1671 241 1722 pure
254 1660 299 1709 ilat
309 1662 324 1711 d
336 1661 452 1712 dunione
462 1697 470 1723 ,
482 1667 740 1714 excommunicationi
752 1667 889 1725 conjunctu
900 1662 987 1715 inerit.
1017 1715 1020 1720 ,

214 1734 242 1778 ‘1⁰
255 1729 358 1792 Finem,
370 1731 482 1794 scilicet,
497 1736 590 1784 enimn
601 1733 727 1794 niutan,
739 1737 769 1784 ut
781 1738 885 1784 rexatus
901 1738 926 1784 et
937 1732 1089 1786 humiliatus
1102 1737 1244 1798 resipiscat,

184 1802 210 1848 ot
229 1801 257 1848 in
273 1800 314 1848 dia
331 1800 423 1860 judicil
440 1801 525 1851 saluus
542 1801 595 1852 tint.

214 1867 321 1919 Ponitur
337 1874 366 1919 ut
378 1870 468 1922 melior
478 1871 537 1932 tint,
552 1871 663 1922 unrahut
674 1874 781 1932 gratiam
794 1876 820 1922 et
838 1875 866 1924 ln
884 1877 1007 1924 aternum
1019 1873 1135 1926 salvetur
1148 1895 1156 1924 ι
1170 1877 1244 1933 sieque

183 1935 299 2071 georgio:y
312 1939 387 2060 prend
412 1944 524 2004 mus:
549 1953 624 2007 pient
651 1943 721 1993 enim
745 1941 1032 2007 temporalis31ucrum
1050 1947 1092 1994 est
1116 1949 1241 1995 ueternum.

206 2040 214 2056 .
300 2021 341 2059 sos

213 2091 238 2138 d.
250 2089 306 2141 Noc
316 2097 351 2141 ert
362 2091 457 2144 bom..
467 2105 555 2144 rursus
564 2103 686 2144 resencm
697 2105 785 2144 eorum
796 2093 924 2156 redarguit
933 2091 1127 2156 gloriationem,
1140 2093 1240 2143 scilicet.
1251 2125 1252 2181 ,

183 2155 216 2210 ob
227 2163 379 2222 sapientiam
390 2162 546 2224 secularem,
558 2163 589 2212 de
598 2175 650 2225 qou
661 2165 688 2213 in
699 2163 898 2228 procedentibus
909 2163 1033 2225 capitibus
1045 2161 1146 2212 dictum
1159 2169 1205 2211 esi.

118 2269 128 2291 ,
213 2230 299 2280 Patres
309 2236 394 2281 tamen
410 2232 489 2283 Grucl
503 2232 648 2295 intelligunt
663 2234 731 2284 haro
750 2233 924 2297 gloriationem
940 2232 1150 2294 Corinthiorum,
1164 2234 1195 2281 ob
1208 2246 1242 2279 sa-

183 2301 305 2364 pientiam
317 2301 394 2362 hujus
404 2302 541 2352 incestuosi
554 2323 560 2353 s
578 2306 670 2367 putant
682 2305 753 2354 enirn
768 2303 843 2365 quod,
852 2303 929 2353 inerit
940 2315 1008 2353 unus
1025 2300 1040 2351 i
1056 2304 1147 2365 primis
1160 2316 1240 2351 corum

183 2374 323 2432 magistris,
344 2371 510 2435 factionisque
529 2373 580 2424 dux
599 2394 606 2422 r
626 2374 708 2435 hinc,
727 2372 851 2436 lnquitii.
871 2372 1251 2435 chrysiscirisnurenausrir

182 2439 315 2501 Apostolus
325 2441 358 2491 ad
368 2441 439 2492 huno
451 2443 593 2493 schismatis
603 2443 705 2495 ducem.
1250 2432 1251 2476 l

213 2508 265 2559 lloc
278 2514 334 2574 post
351 2511 380 2563 li.
393 2512 600 2575 Chrysostomum
615 2515 732 2565 asserunt
743 2512 913 2563 memoretur
925 2516 950 2562 et
964 2510 1169 2575 theophylactus
1183 2531 1188 2559 :
1202 2508 1237 2558 scd

182 2577 242 2629 crim
262 2594 315 2633 uon
332 2587 451 2646 appareat
466 2595 516 2645 quo
532 2581 697 2633 fundamento
715 2582 741 2631 id
757 2583 843 2631 abeis
860 2581 978 2632 dicatur:
993 2586 1019 2630 et
1037 2582 1143 2633 aliunde
1163 2583 1237 2630 Esiius

181 2650 269 2700 multis
284 2651 438 2714 probabihus
453 2651 479 2701 id
490 2651 630 2702 rationibus
640 2650 750 2714 reiutet3
761 2652 871 2715 priorem
882 2651 1074 2715 explicationem
1084 2656 1149 2715 puto
1164 2652 1237 2698 verio-

181 2729 253 2780 rern,
267 2720 364 2769 scilicet
379 2739 387 2769 r
1249 2720 1250 2768 l

211 2788 266 2838 lton
282 2794 320 2840 est
332 2791 398 2841 bons
407 2793 529 2853 luctantia
537 2795 621 2843 restra
631 2790 664 2842 dc
674 2789 782 2843 seouiml
796 2792 920 2855 sapientia
930 2826 937 2852 ,
948 2804 995 2841 nec
1007 2793 1138 2843 contentio
1150 2790 1180 2840 de
1191 2802 1235 2837 rua-

181 2860 316 2920 gistrorum
329 2857 497 2923 precellentis
510 2882 517 2913 ι
529 2865 626 2913 etenim
642 2862 702 2912 rani
717 2865 744 2911 et
756 2860 848 2911 tumidi
860 2862 935 2920 estis,
947 2860 992 2909 nbi
1007 2860 1107 2920 timidi,
1119 2858 1233 2913 humiles,

181 2928 272 2979 suffusi
287 2933 312 2979 ei
326 2931 410 2980 tristes
427 2944 482 2981 esse
498 2932 602 2984 debetis.

211 3007 389 3075 acetoque
404 3014 531 3065 modicum
544 3013 692 3077 tomentum
708 3020 786 3065 tctom
800 3016 912 3064 nosram
933 3011 1080 3075 eommpit.
1100 3010 1142 3063 Gr.
1163 3008 1249 3070 gripu,

181 3082 324 3135 fermentat.
336 3082 385 3135 Sed
400 3087 471 3149 pater
481 3083 605 3135 Amelotte
614 3083 670 3134 ruli
685 3088 801 3135 nostrum
812 3086 975 3146 interpretem
991 3082 1075 3143 legisse
1089 3076 1162 3141 dine,
1182 3095 1233 3130 cur-

179 3157 290 3219 rumplt;
309 3158 334 3203 et
351 3157 414 3204 citat
431 3157 621 3216 manuscripta,
642 3158 668 3203 et
682 3158 798 3205 auctores
813 3156 856 3215 qui
870 3156 906 3203 sic
922 3152 1031 3211 habeut,
1043 3153 1088 3199 aut
1105 3150 1231 3214 legerunt:

179 3225 283 3287 vultque
294 3226 309 3273 d
321 3224 351 3273 ii.
363 3222 441 3272 Paulo
451 3224 495 3274 hle
506 3224 659 3272 termentum
673 3222 826 3289 considerari
838 3260 845 3283 ‚
857 3235 908 3271 non
921 3226 949 3270 ut
963 3218 1163 3272 termentutlonls
1174 3225 1230 3283 pure

180 3296 276 3362 ciprum
282 3313 290 3355 3
306 3293 349 3343 sed
365 3296 394 3343 ut
415 3292 525 3343 alterans
536 3330 542 3352 ,
554 3296 580 3340 et
590 3304 664 3341 neore
683 3304 729 3341 suo
747 3298 928 3355 eorrumpens3
944 3290 1001 3340 ideo
1015 3290 1167 3353 legendum,
1184 3304 1228 3335 cur·
1247 3324 1248 3356 ,

179 3364 286 3426 rumpit.
298 3363 327 3413 b.
339 3368 426 3413 tamen
441 3362 609 3424 Hieronymus
627 3361 709 3410 voluit
726 3360 773 3423 legi
784 3398 790 3421 ,
806 3360 943 3425 dementat.
955 3358 1084 3423 Quidquid
1095 3362 1144 3423 sit,
1155 3368 1227 3410 seusus

211 3508 314 3558 Neruiis
334 3506 402 3568 perid
419 3506 484 3556 drot
502 3500 662 3568 tenturum,
682 3502 868 3567 quantumlibet
888 3503 1037 3564 modicum,
1059 3510 1139 3554 toturn
1156 3505 1227 3553 irrina

179 3588 290 3627 messam
301 3613 308 3636 ,
320 3578 362 3625 cui
376 3577 551 3636 immiscetur,
563 3586 637 3625 acore
652 3586 699 3623 suo
710 3574 802 3624 imbuit
815 3592 821 3623 ε
840 3576 874 3624 lta
885 3574 934 3624 hoc
946 3578 1023 3623 unius
1037 3570 1147 3623 hominis
1159 3574 1229 3622 iniun—
1246 3576 1247 3648 i

180 3647 243 3695 dum
251 3643 346 3703 scelus,
358 3641 373 3692 d
386 3643 456 3693 vobis
467 3645 596 3706 cognitum
608 3647 633 3693 ei
644 3642 793 3704 toleratum,
805 3646 884 3693 totam
894 3646 1003 3692 vestrum
1015 3640 1153 3692 Eccimlam
1162 3642 1228 3705 potest

180 3714 292 3765 inficere.
312 3713 378 3763 lum
396 3715 520 3775 pravitate
541 3712 665 3775 crempli3
686 3712 782 3762 malurn
798 3714 868 3763 enirn
886 3715 964 3761 unius
982 3710 1128 3775 exemplum
1150 3711 1226 3761 mulius

179 3784 328 3847 pierumque
343 3784 492 3843 corrumpit.
507 3782 573 3832 Tum
592 3784 778 3845 imputatione:
792 3788 890 3844 justum
903 3784 995 3845 quippe
1010 3788 1050 3832 est
1067 3788 1097 3831 ut
1114 3784 1192 3833 scelus
1203 3780 1225 3826 ul

181 3853 300 3901 omuibus
315 3854 463 3916 cognitum,
477 3854 503 3900 et
519 3852 553 3901 ab
572 3854 693 3903 omnibus
707 3853 856 3913 toleratum,
868 3854 987 3903 omnibus
998 3852 1155 3919 imputetur,
1174 3858 1192 3902 rt
1205 3852 1222 3897 ir

180 3919 299 3970 omnibus
312 3922 443 3980 puniatur.

212 3983 343 4047 mhhipe,
364 3988 386 4035 si
405 3998 437 4037 ex
453 3989 616 4041 montuosus
632 3986 887 4053 tome-risum
907 3990 1065 4055 pruritum:
1083 4004 1146 4043 ιω.
1168 4019 1171 4031 ·

1243 3960 1245 3987 i
