<?xml version="1.0" encoding="UTF-8"?>
<!DOCTYPE html PUBLIC "-//W3C//DTD XHTML 1.0 Transitional//EN"
    "http://www.w3.org/TR/xhtml1/DTD/xhtml1-transitional.dtd">
<html xmlns="http://www.w3.org/1999/xhtml" xml:lang="en" lang="en">
 <head>
  <title>
</title>
<meta http-equiv="Content-Type" content="text/html;charset=utf-8" />
  <meta name='ocr-system' content='tesseract 3.04.00' />
  <meta name='ocr-capabilities' content='ocr_page ocr_carea ocr_par ocr_line ocrx_word'/>
</head>
<body>
  <div class='ocr_page' id='page_1' title='image "./epistolarumbpau03berngoog/epistolarumbpau03berngoog_0273.png"; bbox 0 0 2559 4450; ppageno 0'>
   <div class='ocr_carea' id='block_1_1' title="bbox 203 281 1075 343">
    <p class='ocr_par' dir='ltr' id='par_1_1' title="bbox 203 281 1075 343">
     <span class='ocr_line' id='line_1_1' title="bbox 203 281 1075 343; baseline -0.007 0"><span class='ocrx_word' id='word_1_1' title='bbox 203 287 257 343; x_wconf 68' lang='lat'><strong>252</strong></span> <span class='ocrx_word' id='word_1_2' title='bbox 397 287 529 340; x_wconf 77' lang='lat' dir='ltr'><strong>entus</strong></span> <span class='ocrx_word' id='word_1_3' title='bbox 548 285 750 342; x_wconf 75' lang='lat' dir='ltr'><strong>EPISTOLAE</strong></span> <span class='ocrx_word' id='word_1_4' title='bbox 769 287 819 341; x_wconf 74' lang='lat' dir='ltr'><strong>ab</strong></span> <span class='ocrx_word' id='word_1_5' title='bbox 835 281 1075 341; x_wconf 76' lang='lat' dir='ltr'>CORINTHIOS</span> 
     </span>
    </p>
   </div>
   <div class='ocr_carea' id='block_1_2' title="bbox 203 375 1259 527">
    <p class='ocr_par' dir='ltr' id='par_1_2' title="bbox 203 375 1259 527">
     <span class='ocr_line' id='line_1_2' title="bbox 203 375 1259 446; baseline -0.004 -14"><span class='ocrx_word' id='word_1_6' title='bbox 203 381 339 432; x_wconf 73' lang='lat' dir='ltr'><strong>desumat</strong></span> <span class='ocrx_word' id='word_1_7' title='bbox 355 380 388 430; x_wconf 86' lang='lat' dir='ltr'><strong>ad</strong></span> <span class='ocrx_word' id='word_1_8' title='bbox 401 380 506 444; x_wconf 73' lang='lat' dir='ltr'><strong>gloriam</strong></span> <span class='ocrx_word' id='word_1_9' title='bbox 517 384 630 432; x_wconf 85' lang='lat' dir='ltr'><strong>nostram</strong></span> <span class='ocrx_word' id='word_1_10' title='bbox 645 381 686 446; x_wconf 86' lang='lat' dir='ltr'><strong>(et</strong></span> <span class='ocrx_word' id='word_1_11' title='bbox 701 385 801 446; x_wconf 80' lang='lat' dir='ltr'><strong>tompo-</strong></span> <span class='ocrx_word' id='word_1_12' title='bbox 824 381 973 436; x_wconf 84' lang='lat' dir='ltr'><strong>destinarit</strong></span> <span class='ocrx_word' id='word_1_13' title='bbox 995 381 1069 432; x_wconf 82' lang='lat' dir='ltr'><strong>lieus</strong></span> <span class='ocrx_word' id='word_1_14' title='bbox 1086 380 1155 432; x_wconf 87' lang='lat' dir='ltr'><strong>ante</strong></span> <span class='ocrx_word' id='word_1_15' title='bbox 1178 375 1259 430; x_wconf 84' lang='lat' dir='ltr'><strong>secula</strong></span> 
     </span>
     <span class='ocr_line' id='line_1_3' title="bbox 203 448 1125 527; baseline -0.004 -15"><span class='ocrx_word' id='word_1_16' title='bbox 203 450 283 501; x_wconf 63' lang='lat' dir='ltr'><strong>mem</strong></span> <span class='ocrx_word' id='word_1_17' title='bbox 298 453 324 498; x_wconf 65' lang='lat' dir='ltr'><strong>ii</strong></span> <span class='ocrx_word' id='word_1_18' title='bbox 335 448 481 511; x_wconf 82' lang='lat' dir='ltr'><strong>aternam).</strong></span> <span class='ocrx_word' id='word_1_19' title='bbox 824 462 852 513; x_wconf 91' lang='lat' dir='ltr'><strong>in</strong></span> <span class='ocrx_word' id='word_1_20' title='bbox 865 460 982 527; x_wconf 77' lang='lat' dir='ltr'><strong>gloriam</strong></span> <span class='ocrx_word' id='word_1_21' title='bbox 994 462 1125 510; x_wconf 81' lang='lat' dir='ltr'><strong>nostram.</strong></span> 
     </span>
    </p>
   </div>
   <div class='ocr_carea' id='block_1_3' title="bbox 233 529 1260 598">
    <p class='ocr_par' dir='ltr' id='par_1_3' title="bbox 233 529 1260 598">
     <span class='ocr_line' id='line_1_4' title="bbox 233 529 1260 598; baseline 0 -18"><span class='ocrx_word' id='word_1_22' title='bbox 233 531 314 592; x_wconf 78' lang='lat' dir='ltr'><strong>Quam</strong></span> <span class='ocrx_word' id='word_1_23' title='bbox 324 529 410 580; x_wconf 89' lang='lat' dir='ltr'><strong>nullus</strong></span> <span class='ocrx_word' id='word_1_24' title='bbox 421 543 452 579; x_wconf 80' lang='lat' dir='ltr'><strong>er</strong></span> <span class='ocrx_word' id='word_1_25' title='bbox 462 531 621 593; x_wconf 66' lang='lat' dir='ltr'><strong>Principibus</strong></span> <span class='ocrx_word' id='word_1_26' title='bbox 633 530 713 591; x_wconf 81' lang='lat' dir='ltr'><strong>buius</strong></span> <span class='ocrx_word' id='word_1_27' title='bbox 723 531 801 582; x_wconf 87' lang='lat' dir='ltr'><strong>seculi</strong></span> <span class='ocrx_word' id='word_1_28' title='bbox 858 539 885 588; x_wconf 78' lang='lat'><strong>8,</strong></span> <span class='ocrx_word' id='word_1_29' title='bbox 899 537 987 598; x_wconf 73' lang='lat' dir='ltr'><strong>Quam</strong></span> <span class='ocrx_word' id='word_1_30' title='bbox 1007 547 1090 586; x_wconf 83' lang='lat' dir='ltr'><strong>nemo</strong></span> <span class='ocrx_word' id='word_1_31' title='bbox 1108 531 1260 598; x_wconf 75' lang='lat' dir='ltr'><strong>principum</strong></span> 
     </span>
    </p>
   </div>
   <div class='ocr_carea' id='block_1_4' title="bbox 204 600 1262 757">
    <p class='ocr_par' dir='ltr' id='par_1_4' title="bbox 204 600 1262 757">
     <span class='ocr_line' id='line_1_5' title="bbox 204 600 1260 680; baseline 0.008 -32"><span class='ocrx_word' id='word_1_32' title='bbox 204 602 322 662; x_wconf 80' lang='lat' dir='ltr'><strong>cognorit</strong></span> <span class='ocrx_word' id='word_1_33' title='bbox 333 618 341 649; x_wconf 73' lang='lat' dir='ltr'><strong>a</strong></span> <span class='ocrx_word' id='word_1_34' title='bbox 353 602 375 649; x_wconf 90' lang='lat' dir='ltr'><strong>si</strong></span> <span class='ocrx_word' id='word_1_35' title='bbox 392 600 461 650; x_wconf 90' lang='lat' dir='ltr'><strong>enim</strong></span> <span class='ocrx_word' id='word_1_36' title='bbox 479 601 652 680; x_wconf 75' lang='lat' dir='ltr'><strong>cognovissent</strong></span> <span class='ocrx_word' id='word_1_37' title='bbox 669 611 740 660; x_wconf 85' lang='lat' dir='ltr'><strong>eam,</strong></span> <span class='ocrx_word' id='word_1_38' title='bbox 754 612 801 649; x_wconf 89' lang='lat' dir='ltr'><strong>ne·</strong></span> <span class='ocrx_word' id='word_1_39' title='bbox 824 611 906 680; x_wconf 69' lang='lat' dir='ltr'><strong>hujus</strong></span> <span class='ocrx_word' id='word_1_40' title='bbox 937 612 1024 666; x_wconf 66' lang='lat' dir='ltr'><strong>seculi</strong></span> <span class='ocrx_word' id='word_1_41' title='bbox 1054 608 1191 676; x_wconf 77' lang='lat' dir='ltr'><strong>cognovit</strong></span> <span class='ocrx_word' id='word_1_42' title='bbox 1215 625 1222 659; x_wconf 90' lang='lat'>:</span> <span class='ocrx_word' id='word_1_43' title='bbox 1243 609 1260 656; x_wconf 83' lang='lat' dir='ltr'><strong>si</strong></span> 
     </span>
     <span class='ocr_line' id='line_1_6' title="bbox 204 667 1262 757; baseline 0.004 -38"><span class='ocrx_word' id='word_1_44' title='bbox 204 667 799 733; x_wconf 78' lang='lat' dir='ltr'><strong>quaquamltamtnumglorraarucratllrlssem.</strong></span> <span class='ocrx_word' id='word_1_45' title='bbox 824 688 1262 757; x_wconf 59' lang='lat' dir='ltr'><strong>enimcognovpssenp‚nunqupm</strong></span> 
     </span>
    </p>
   </div>
   <div class='ocr_carea' id='block_1_5' title="bbox 825 766 1261 907">
    <p class='ocr_par' dir='ltr' id='par_1_5' title="bbox 825 766 1261 907">
     <span class='ocr_line' id='line_1_7' title="bbox 826 766 1261 836; baseline -0.016 -13"><span class='ocrx_word' id='word_1_46' title='bbox 826 768 972 828; x_wconf 79' lang='lat' dir='ltr'><strong>bominum</strong></span> <span class='ocrx_word' id='word_1_47' title='bbox 990 766 1085 836; x_wconf 77' lang='lat' dir='ltr'><strong>gloriae</strong></span> <span class='ocrx_word' id='word_1_48' title='bbox 1111 766 1261 818; x_wconf 82' lang='lat' dir='ltr'><strong>crucifixis-</strong></span> 
     </span>
     <span class='ocr_line' id='line_1_8' title="bbox 825 853 896 907; baseline 0.042 -9"><span class='ocrx_word' id='word_1_49' title='bbox 825 853 896 907; x_wconf 70' lang='lat' dir='ltr'><strong>sent,</strong></span> 
     </span>
    </p>
   </div>
   <div class='ocr_carea' id='block_1_6' title="bbox 171 1021 1261 2197">
    <p class='ocr_par' dir='ltr' id='par_1_6' title="bbox 204 1021 1261 1222">
     <span class='ocr_line' id='line_1_9' title="bbox 205 1021 1261 1085; baseline -0.005 -13"><span class='ocrx_word' id='word_1_50' title='bbox 205 1035 278 1072; x_wconf 86' lang='lat' dir='ltr'><strong>suam</strong></span> <span class='ocrx_word' id='word_1_51' title='bbox 288 1024 389 1072; x_wconf 86' lang='lat' dir='ltr'><strong>tueatur</strong></span> <span class='ocrx_word' id='word_1_52' title='bbox 402 1023 470 1085; x_wconf 89' lang='lat' dir='ltr'><strong>apud</strong></span> <span class='ocrx_word' id='word_1_53' title='bbox 481 1035 523 1072; x_wconf 87' lang='lat' dir='ltr'><strong>eos</strong></span> <span class='ocrx_word' id='word_1_54' title='bbox 534 1024 711 1073; x_wconf 84' lang='lat' dir='ltr'><strong>auctoritatem</strong></span> <span class='ocrx_word' id='word_1_55' title='bbox 728 1025 753 1072; x_wconf 89' lang='lat' dir='ltr'><strong>ct</strong></span> <span class='ocrx_word' id='word_1_56' title='bbox 764 1022 858 1071; x_wconf 87' lang='lat' dir='ltr'><strong>lamam</strong></span> <span class='ocrx_word' id='word_1_57' title='bbox 868 1058 875 1082; x_wconf 94' lang='lat'><strong>,</strong></span> <span class='ocrx_word' id='word_1_58' title='bbox 887 1025 912 1071; x_wconf 92' lang='lat' dir='ltr'><strong>et</strong></span> <span class='ocrx_word' id='word_1_59' title='bbox 926 1021 990 1072; x_wconf 88' lang='lat' dir='ltr'><strong>nolit</strong></span> <span class='ocrx_word' id='word_1_60' title='bbox 1010 1021 1042 1072; x_wconf 88' lang='lat' dir='ltr'><strong>ab</strong></span> <span class='ocrx_word' id='word_1_61' title='bbox 1057 1022 1121 1085; x_wconf 87' lang='lat' dir='ltr'><strong>ipsis</strong></span> <span class='ocrx_word' id='word_1_62' title='bbox 1141 1023 1175 1070; x_wconf 88' lang='lat' dir='ltr'><strong>ut</strong></span> <span class='ocrx_word' id='word_1_63' title='bbox 1188 1021 1261 1069; x_wconf 77' lang='lat' dir='ltr'><strong>minin</strong></span> 
     </span>
     <span class='ocr_line' id='line_1_10' title="bbox 205 1092 1260 1155; baseline -0.003 -14"><span class='ocrx_word' id='word_1_64' title='bbox 205 1094 306 1155; x_wconf 86' lang='lat' dir='ltr'><strong>sapiens</strong></span> <span class='ocrx_word' id='word_1_65' title='bbox 320 1096 346 1141; x_wconf 89' lang='lat' dir='ltr'><strong>et</strong></span> <span class='ocrx_word' id='word_1_66' title='bbox 356 1094 489 1155; x_wconf 88' lang='lat' dir='ltr'><strong>imperitus</strong></span> <span class='ocrx_word' id='word_1_67' title='bbox 502 1092 599 1142; x_wconf 87' lang='lat' dir='ltr'><strong>baberi.</strong></span> <span class='ocrx_word' id='word_1_68' title='bbox 611 1092 677 1141; x_wconf 88' lang='lat' dir='ltr'><strong>ilinc</strong></span> <span class='ocrx_word' id='word_1_69' title='bbox 687 1128 694 1151; x_wconf 92' lang='lat'><strong>,</strong></span> <span class='ocrx_word' id='word_1_70' title='bbox 704 1093 749 1152; x_wconf 89' lang='lat' dir='ltr'><strong>sit,</strong></span> <span class='ocrx_word' id='word_1_71' title='bbox 759 1093 911 1154; x_wconf 71' lang='lat' dir='ltr'><strong>sapientiam</strong></span> <span class='ocrx_word' id='word_1_72' title='bbox 923 1092 1125 1154; x_wconf 57' lang='lat' dir='ltr'><strong>laminitanae</strong></span> <span class='ocrx_word' id='word_1_73' title='bbox 1142 1104 1206 1142; x_wconf 89' lang='lat' dir='ltr'><strong>cum</strong></span> <span class='ocrx_word' id='word_1_74' title='bbox 1214 1104 1260 1152; x_wconf 86' lang='lat' dir='ltr'><strong>par·</strong></span> 
     </span>
     <span class='ocr_line' id='line_1_11' title="bbox 204 1158 1154 1222; baseline 0.003 -15"><span class='ocrx_word' id='word_1_75' title='bbox 204 1158 288 1220; x_wconf 77' lang='lat' dir='ltr'><strong>vulis,</strong></span> <span class='ocrx_word' id='word_1_76' title='bbox 302 1164 387 1222; x_wconf 89' lang='lat' dir='ltr'><strong>utpote</strong></span> <span class='ocrx_word' id='word_1_77' title='bbox 398 1160 466 1209; x_wconf 87' lang='lat' dir='ltr'><strong>illius</strong></span> <span class='ocrx_word' id='word_1_78' title='bbox 477 1160 658 1222; x_wconf 79' lang='lat' dir='ltr'><strong>incapacibus,</strong></span> <span class='ocrx_word' id='word_1_79' title='bbox 670 1163 700 1208; x_wconf 89' lang='lat' dir='ltr'><strong>ut</strong></span> <span class='ocrx_word' id='word_1_80' title='bbox 709 1159 777 1210; x_wconf 89' lang='lat' dir='ltr'><strong>dicet</strong></span> <span class='ocrx_word' id='word_1_81' title='bbox 790 1172 846 1222; x_wconf 88' lang='lat' dir='ltr'><strong>cap.</strong></span> <span class='ocrx_word' id='word_1_82' title='bbox 860 1164 883 1210; x_wconf 79' lang='lat'><strong>3.</strong></span> <span class='ocrx_word' id='word_1_83' title='bbox 895 1160 938 1210; x_wconf 89' lang='lat' dir='ltr'><strong>sed</strong></span> <span class='ocrx_word' id='word_1_84' title='bbox 949 1173 1011 1209; x_wconf 90' lang='lat' dir='ltr'><strong>cum</strong></span> <span class='ocrx_word' id='word_1_85' title='bbox 1021 1159 1154 1222; x_wconf 85' lang='lat' dir='ltr'><strong>perlectis.</strong></span> 
     </span>
    </p>

    <p class='ocr_par' dir='ltr' id='par_1_7' title="bbox 171 1233 1260 1436">
     <span class='ocr_line' id='line_1_12' title="bbox 171 1233 1259 1297; baseline 0.006 -19"><span class='ocrx_word' id='word_1_86' title='bbox 171 1273 175 1278; x_wconf 85' lang='lat'>.</span> <span class='ocrx_word' id='word_1_87' title='bbox 235 1234 265 1282; x_wconf 84' lang='lat' dir='ltr'><strong>la</strong></span> <span class='ocrx_word' id='word_1_88' title='bbox 282 1235 408 1296; x_wconf 70' lang='lat' dir='ltr'><strong>mysterio.</strong></span> <span class='ocrx_word' id='word_1_89' title='bbox 420 1234 491 1284; x_wconf 87' lang='lat' dir='ltr'><strong>ilultl</strong></span> <span class='ocrx_word' id='word_1_90' title='bbox 505 1237 531 1284; x_wconf 87' lang='lat' dir='ltr'><strong>ot</strong></span> <span class='ocrx_word' id='word_1_91' title='bbox 545 1234 658 1297; x_wconf 83' lang='lat' dir='ltr'><strong>pictique</strong></span> <span class='ocrx_word' id='word_1_92' title='bbox 676 1237 843 1294; x_wconf 76' lang='lat' dir='ltr'><strong>recentiores,</strong></span> <span class='ocrx_word' id='word_1_93' title='bbox 853 1235 939 1284; x_wconf 88' lang='lat' dir='ltr'><strong>Estius</strong></span> <span class='ocrx_word' id='word_1_94' title='bbox 951 1271 958 1296; x_wconf 89' lang='lat'><strong>‚</strong></span> <span class='ocrx_word' id='word_1_95' title='bbox 970 1234 1072 1284; x_wconf 81' lang='lat' dir='ltr'><strong>cornel.</strong></span> <span class='ocrx_word' id='word_1_96' title='bbox 1090 1233 1211 1284; x_wconf 86' lang='lat' dir='ltr'><strong>lienocb.</strong></span> <span class='ocrx_word' id='word_1_97' title='bbox 1223 1237 1259 1294; x_wconf 69' lang='lat' dir='ltr'><strong>iy-</strong></span> 
     </span>
     <span class='ocr_line' id='line_1_13' title="bbox 204 1304 1260 1368; baseline 0 -17"><span class='ocrx_word' id='word_1_98' title='bbox 204 1304 266 1362; x_wconf 71' lang='lat' dir='ltr'><strong>rin„</strong></span> <span class='ocrx_word' id='word_1_99' title='bbox 277 1307 336 1364; x_wconf 86' lang='lat' dir='ltr'><strong>etc,</strong></span> <span class='ocrx_word' id='word_1_100' title='bbox 351 1305 450 1366; x_wconf 85' lang='lat' dir='ltr'><strong>volunt,</strong></span> <span class='ocrx_word' id='word_1_101' title='bbox 462 1305 491 1354; x_wconf 84' lang='lat' dir='ltr'><strong>ia</strong></span> <span class='ocrx_word' id='word_1_102' title='bbox 501 1307 637 1368; x_wconf 78' lang='lat' dir='ltr'><strong>mysterio,</strong></span> <span class='ocrx_word' id='word_1_103' title='bbox 649 1304 736 1354; x_wconf 85' lang='lat' dir='ltr'><strong>reierri</strong></span> <span class='ocrx_word' id='word_1_104' title='bbox 750 1305 783 1354; x_wconf 88' lang='lat' dir='ltr'><strong>ad</strong></span> <span class='ocrx_word' id='word_1_105' title='bbox 802 1305 930 1368; x_wconf 75' lang='lat' dir='ltr'><strong>loquimar</strong></span> <span class='ocrx_word' id='word_1_106' title='bbox 946 1307 1040 1366; x_wconf 77' lang='lat' dir='ltr'><strong>:quasi</strong></span> <span class='ocrx_word' id='word_1_107' title='bbox 1056 1305 1157 1355; x_wconf 83' lang='lat' dir='ltr'><strong>diceret</strong></span> <span class='ocrx_word' id='word_1_108' title='bbox 1169 1307 1260 1367; x_wconf 69' lang='lat' dir='ltr'><strong>aposta</strong></span> 
     </span>
     <span class='ocr_line' id='line_1_14' title="bbox 204 1369 799 1436; baseline 0.005 -15"><span class='ocrx_word' id='word_1_109' title='bbox 204 1369 244 1422; x_wconf 89' lang='lat' dir='ltr'><strong>lus</strong></span> <span class='ocrx_word' id='word_1_110' title='bbox 257 1392 264 1421; x_wconf 75' lang='lat' dir='ltr'><strong>i</strong></span> <span class='ocrx_word' id='word_1_111' title='bbox 279 1373 416 1434; x_wconf 82' lang='lat' dir='ltr'><strong>Loqulmur</strong></span> <span class='ocrx_word' id='word_1_112' title='bbox 427 1374 523 1423; x_wconf 84' lang='lat' dir='ltr'><strong>secreto</strong></span> <span class='ocrx_word' id='word_1_113' title='bbox 535 1378 561 1423; x_wconf 88' lang='lat' dir='ltr'><strong>et</strong></span> <span class='ocrx_word' id='word_1_114' title='bbox 576 1374 799 1436; x_wconf 77' lang='lat' dir='ltr'><strong>apudpauciores.</strong></span> 
     </span>
    </p>

    <p class='ocr_par' dir='ltr' id='par_1_8' title="bbox 204 1444 1259 1643">
     <span class='ocr_line' id='line_1_15' title="bbox 234 1444 1259 1506; baseline -0.002 -14"><span class='ocrx_word' id='word_1_115' title='bbox 234 1444 397 1493; x_wconf 81' lang='lat' dir='ltr'><strong>Contrarium</strong></span> <span class='ocrx_word' id='word_1_116' title='bbox 404 1448 491 1494; x_wconf 89' lang='lat' dir='ltr'><strong>tamen</strong></span> <span class='ocrx_word' id='word_1_117' title='bbox 502 1447 593 1493; x_wconf 87' lang='lat' dir='ltr'><strong>asserit</strong></span> <span class='ocrx_word' id='word_1_118' title='bbox 611 1444 782 1494; x_wconf 86' lang='lat' dir='ltr'><strong>Theodoretus</strong></span> <span class='ocrx_word' id='word_1_119' title='bbox 790 1463 798 1504; x_wconf 89' lang='lat'>;</span> <span class='ocrx_word' id='word_1_120' title='bbox 812 1455 901 1494; x_wconf 80' lang='lat' dir='ltr'><strong>senatis</strong></span> <span class='ocrx_word' id='word_1_121' title='bbox 917 1456 969 1495; x_wconf 91' lang='lat' dir='ltr'><strong>non</strong></span> <span class='ocrx_word' id='word_1_122' title='bbox 985 1446 1039 1504; x_wconf 87' lang='lat' dir='ltr'><strong>est,</strong></span> <span class='ocrx_word' id='word_1_123' title='bbox 1051 1445 1077 1493; x_wconf 91' lang='lat' dir='ltr'><strong>ln</strong></span> <span class='ocrx_word' id='word_1_124' title='bbox 1088 1447 1215 1506; x_wconf 81' lang='lat' dir='ltr'><strong>mysterio</strong></span> <span class='ocrx_word' id='word_1_125' title='bbox 1232 1444 1259 1490; x_wconf 84' lang='lat' dir='ltr'><strong>lo-</strong></span> 
     </span>
     <span class='ocr_line' id='line_1_16' title="bbox 204 1512 1259 1575; baseline 0.001 -17"><span class='ocrx_word' id='word_1_126' title='bbox 204 1514 320 1572; x_wconf 87' lang='lat' dir='ltr'><strong>quimur,</strong></span> <span class='ocrx_word' id='word_1_127' title='bbox 330 1512 374 1561; x_wconf 88' lang='lat' dir='ltr'><strong>sed</strong></span> <span class='ocrx_word' id='word_1_128' title='bbox 387 1514 557 1574; x_wconf 88' lang='lat' dir='ltr'><strong>sapientiam,</strong></span> <span class='ocrx_word' id='word_1_129' title='bbox 571 1524 628 1573; x_wconf 78' lang='lat' dir='ltr'><strong>qum</strong></span> <span class='ocrx_word' id='word_1_130' title='bbox 640 1517 679 1561; x_wconf 87' lang='lat' dir='ltr'><strong>est</strong></span> <span class='ocrx_word' id='word_1_131' title='bbox 695 1515 722 1561; x_wconf 93' lang='lat' dir='ltr'><strong>ln</strong></span> <span class='ocrx_word' id='word_1_132' title='bbox 742 1515 861 1574; x_wconf 82' lang='lat' dir='ltr'><strong>mysterio</strong></span> <span class='ocrx_word' id='word_1_133' title='bbox 873 1512 1009 1573; x_wconf 85' lang='lat' dir='ltr'><strong>absconsa,</strong></span> <span class='ocrx_word' id='word_1_134' title='bbox 1020 1512 1175 1562; x_wconf 89' lang='lat' dir='ltr'><strong>hominibus</strong></span> <span class='ocrx_word' id='word_1_135' title='bbox 1191 1513 1259 1575; x_wconf 83' lang='lat' dir='ltr'><strong>proie-</strong></span> 
     </span>
     <span class='ocr_line' id='line_1_17' title="bbox 204 1580 1155 1643; baseline 0.005 -17"><span class='ocrx_word' id='word_1_136' title='bbox 204 1581 294 1629; x_wconf 89' lang='lat' dir='ltr'><strong>rimus.</strong></span> <span class='ocrx_word' id='word_1_137' title='bbox 306 1580 385 1630; x_wconf 85' lang='lat' dir='ltr'><strong>Verba</strong></span> <span class='ocrx_word' id='word_1_138' title='bbox 398 1585 459 1630; x_wconf 90' lang='lat' dir='ltr'><strong>sunt</strong></span> <span class='ocrx_word' id='word_1_139' title='bbox 469 1581 626 1630; x_wconf 81' lang='lat' dir='ltr'><strong>Theodoreti.</strong></span> <span class='ocrx_word' id='word_1_140' title='bbox 639 1581 709 1631; x_wconf 85' lang='lat' dir='ltr'><strong>idem</strong></span> <span class='ocrx_word' id='word_1_141' title='bbox 722 1586 778 1643; x_wconf 90' lang='lat' dir='ltr'><strong>post</strong></span> <span class='ocrx_word' id='word_1_142' title='bbox 788 1583 872 1643; x_wconf 89' lang='lat' dir='ltr'><strong>ipsum</strong></span> <span class='ocrx_word' id='word_1_143' title='bbox 886 1584 990 1632; x_wconf 88' lang='lat' dir='ltr'><strong>censent</strong></span> <span class='ocrx_word' id='word_1_144' title='bbox 1003 1581 1047 1630; x_wconf 89' lang='lat' dir='ltr'><strong>alii</strong></span> <span class='ocrx_word' id='word_1_145' title='bbox 1065 1580 1155 1631; x_wconf 88' lang='lat' dir='ltr'><strong>multi.</strong></span> 
     </span>
    </p>

    <p class='ocr_par' dir='ltr' id='par_1_9' title="bbox 203 1647 1257 2046">
     <span class='ocr_line' id='line_1_18' title="bbox 235 1647 1257 1712; baseline 0.001 -16"><span class='ocrx_word' id='word_1_146' title='bbox 235 1647 283 1696; x_wconf 86' lang='lat' dir='ltr'><strong>Sed</strong></span> <span class='ocrx_word' id='word_1_147' title='bbox 295 1648 328 1697; x_wconf 89' lang='lat' dir='ltr'><strong>ad</strong></span> <span class='ocrx_word' id='word_1_148' title='bbox 345 1649 413 1700; x_wconf 89' lang='lat' dir='ltr'><strong>banc</strong></span> <span class='ocrx_word' id='word_1_149' title='bbox 432 1653 648 1700; x_wconf 88' lang='lat' dir='ltr'><strong>constructionem</strong></span> <span class='ocrx_word' id='word_1_150' title='bbox 668 1649 848 1712; x_wconf 80' lang='lat' dir='ltr'><strong>praeferendam</strong></span> <span class='ocrx_word' id='word_1_151' title='bbox 868 1651 919 1699; x_wconf 91' lang='lat' dir='ltr'><strong>duo</strong></span> <span class='ocrx_word' id='word_1_152' title='bbox 935 1653 1094 1700; x_wconf 85' lang='lat' dir='ltr'><strong>memorent</strong></span> <span class='ocrx_word' id='word_1_153' title='bbox 1114 1653 1257 1712; x_wconf 71' lang='lat' dir='ltr'><strong>:primun</strong></span> 
     </span>
     <span class='ocr_line' id='line_1_19' title="bbox 205 1717 1256 1780; baseline 0.001 -17"><span class='ocrx_word' id='word_1_154' title='bbox 205 1718 265 1777; x_wconf 84' lang='lat' dir='ltr'><strong>quia</strong></span> <span class='ocrx_word' id='word_1_155' title='bbox 278 1729 368 1767; x_wconf 87' lang='lat' dir='ltr'><strong>seusus</strong></span> <span class='ocrx_word' id='word_1_156' title='bbox 383 1718 464 1767; x_wconf 81' lang='lat' dir='ltr'><strong>multo</strong></span> <span class='ocrx_word' id='word_1_157' title='bbox 475 1718 574 1780; x_wconf 82' lang='lat' dir='ltr'><strong>planior</strong></span> <span class='ocrx_word' id='word_1_158' title='bbox 585 1723 611 1767; x_wconf 91' lang='lat' dir='ltr'><strong>et</strong></span> <span class='ocrx_word' id='word_1_159' title='bbox 627 1717 724 1780; x_wconf 76' lang='lat' dir='ltr'><strong>plenior</strong></span> <span class='ocrx_word' id='word_1_160' title='bbox 739 1723 790 1778; x_wconf 84' lang='lat' dir='ltr'><strong>est,</strong></span> <span class='ocrx_word' id='word_1_161' title='bbox 811 1721 832 1768; x_wconf 89' lang='lat' dir='ltr'><strong>si</strong></span> <span class='ocrx_word' id='word_1_162' title='bbox 849 1721 984 1780; x_wconf 75' lang='lat' dir='ltr'><strong>jungatur,</strong></span> <span class='ocrx_word' id='word_1_163' title='bbox 998 1719 1026 1766; x_wconf 86' lang='lat' dir='ltr'><strong>ia</strong></span> <span class='ocrx_word' id='word_1_164' title='bbox 1038 1722 1163 1780; x_wconf 71' lang='lat' dir='ltr'><strong>mystesia</strong></span> <span class='ocrx_word' id='word_1_165' title='bbox 1174 1757 1181 1778; x_wconf 91' lang='lat'><strong>,</strong></span> <span class='ocrx_word' id='word_1_166' title='bbox 1194 1734 1256 1772; x_wconf 83' lang='lat' dir='ltr'><strong>cnm,</strong></span> 
     </span>
     <span class='ocr_line' id='line_1_20' title="bbox 204 1787 1257 1849; baseline 0.001 -16"><span class='ocrx_word' id='word_1_167' title='bbox 204 1797 259 1845; x_wconf 76' lang='lat' dir='ltr'><strong>aaa</strong></span> <span class='ocrx_word' id='word_1_168' title='bbox 268 1787 413 1836; x_wconf 78' lang='lat' dir='ltr'><strong>abscondita</strong></span> <span class='ocrx_word' id='word_1_169' title='bbox 424 1793 474 1844; x_wconf 87' lang='lat' dir='ltr'><strong>est,</strong></span> <span class='ocrx_word' id='word_1_170' title='bbox 484 1791 509 1836; x_wconf 91' lang='lat' dir='ltr'><strong>et</strong></span> <span class='ocrx_word' id='word_1_171' title='bbox 518 1787 658 1848; x_wconf 77' lang='lat' dir='ltr'><strong>intelligas,</strong></span> <span class='ocrx_word' id='word_1_172' title='bbox 671 1791 699 1836; x_wconf 86' lang='lat' dir='ltr'><strong>ut</strong></span> <span class='ocrx_word' id='word_1_173' title='bbox 714 1787 788 1849; x_wconf 88' lang='lat' dir='ltr'><strong>supnl</strong></span> <span class='ocrx_word' id='word_1_174' title='bbox 799 1787 923 1848; x_wconf 79' lang='lat' dir='ltr'><strong>explicui,</strong></span> <span class='ocrx_word' id='word_1_175' title='bbox 934 1788 1084 1848; x_wconf 86' lang='lat' dir='ltr'><strong>sapientiam</strong></span> <span class='ocrx_word' id='word_1_176' title='bbox 1098 1787 1145 1837; x_wconf 89' lang='lat' dir='ltr'><strong>Dei</strong></span> <span class='ocrx_word' id='word_1_177' title='bbox 1157 1826 1164 1848; x_wconf 90' lang='lat'>‚</span> <span class='ocrx_word' id='word_1_178' title='bbox 1177 1802 1218 1837; x_wconf 80' lang='lat' dir='ltr'><strong>seu</strong></span> <span class='ocrx_word' id='word_1_179' title='bbox 1229 1790 1257 1835; x_wconf 83' lang='lat' dir='ltr'><strong>ii-</strong></span> 
     </span>
     <span class='ocr_line' id='line_1_21' title="bbox 204 1852 1257 1918; baseline 0.003 -18"><span class='ocrx_word' id='word_1_180' title='bbox 204 1852 268 1902; x_wconf 88' lang='lat' dir='ltr'><strong>llum</strong></span> <span class='ocrx_word' id='word_1_181' title='bbox 280 1855 322 1904; x_wconf 82' lang='lat' dir='ltr'><strong>lici</strong></span> <span class='ocrx_word' id='word_1_182' title='bbox 332 1893 339 1916; x_wconf 93' lang='lat'><strong>,</strong></span> <span class='ocrx_word' id='word_1_183' title='bbox 351 1868 395 1917; x_wconf 87' lang='lat' dir='ltr'><strong>per</strong></span> <span class='ocrx_word' id='word_1_184' title='bbox 406 1857 588 1906; x_wconf 87' lang='lat' dir='ltr'><strong>incarnationis</strong></span> <span class='ocrx_word' id='word_1_185' title='bbox 598 1859 749 1918; x_wconf 84' lang='lat' dir='ltr'><strong>mysterium</strong></span> <span class='ocrx_word' id='word_1_186' title='bbox 761 1857 935 1906; x_wconf 85' lang='lat' dir='ltr'><strong>absconditam</strong></span> <span class='ocrx_word' id='word_1_187' title='bbox 942 1877 949 1918; x_wconf 69' lang='grc' dir='ltr'><strong>ς</strong></span> <span class='ocrx_word' id='word_1_188' title='bbox 959 1869 1016 1918; x_wconf 75' lang='lat' dir='ltr'><strong>qus</strong></span> <span class='ocrx_word' id='word_1_189' title='bbox 1027 1859 1175 1907; x_wconf 88' lang='lat' dir='ltr'><strong>incarnatio</strong></span> <span class='ocrx_word' id='word_1_190' title='bbox 1188 1860 1225 1906; x_wconf 86' lang='lat' dir='ltr'><strong>bic</strong></span> <span class='ocrx_word' id='word_1_191' title='bbox 1240 1865 1257 1904; x_wconf 80' lang='lat' dir='ltr'><strong>st</strong></span> 
     </span>
     <span class='ocr_line' id='line_1_22' title="bbox 203 1923 1256 1987; baseline 0.001 -16"><span class='ocrx_word' id='word_1_192' title='bbox 203 1923 264 1972; x_wconf 91' lang='lat' dir='ltr'><strong>alibi</strong></span> <span class='ocrx_word' id='word_1_193' title='bbox 284 1929 322 1973; x_wconf 92' lang='lat' dir='ltr'><strong>est</strong></span> <span class='ocrx_word' id='word_1_194' title='bbox 338 1926 539 1976; x_wconf 77' lang='lat' dir='ltr'><strong>autonomastice</strong></span> <span class='ocrx_word' id='word_1_195' title='bbox 554 1927 747 1976; x_wconf 72' lang='lat' dir='ltr'><strong>Sacramentum</strong></span> <span class='ocrx_word' id='word_1_196' title='bbox 760 1931 782 1975; x_wconf 86' lang='lat' dir='ltr'><strong>et</strong></span> <span class='ocrx_word' id='word_1_197' title='bbox 794 1926 939 1987; x_wconf 77' lang='lat' dir='ltr'><strong>lipsteriam</strong></span> <span class='ocrx_word' id='word_1_198' title='bbox 956 1925 1018 1984; x_wconf 85' lang='lat' dir='ltr'><strong>Dei,</strong></span> <span class='ocrx_word' id='word_1_199' title='bbox 1037 1930 1060 1974; x_wconf 87' lang='lat' dir='ltr'><strong>et</strong></span> <span class='ocrx_word' id='word_1_200' title='bbox 1073 1927 1256 1976; x_wconf 77' lang='lat' dir='ltr'><strong>Sacramentum</strong></span> 
     </span>
     <span class='ocr_line' id='line_1_23' title="bbox 203 1993 384 2046; baseline 0.028 -6"><span class='ocrx_word' id='word_1_201' title='bbox 203 1993 384 2046; x_wconf 82' lang='lat' dir='ltr'><strong>absconditam.</strong></span> 
     </span>
    </p>

    <p class='ocr_par' dir='ltr' id='par_1_10' title="bbox 205 2061 1255 2197">
     <span class='ocr_line' id='line_1_24' title="bbox 233 2061 1255 2128; baseline 0.001 -18"><span class='ocrx_word' id='word_1_202' title='bbox 233 2062 378 2112; x_wconf 66' lang='lat' dir='ltr'><strong>&amp;cundum</strong></span> <span class='ocrx_word' id='word_1_203' title='bbox 388 2101 395 2124; x_wconf 92' lang='lat'><strong>,</strong></span> <span class='ocrx_word' id='word_1_204' title='bbox 405 2067 465 2126; x_wconf 83' lang='lat' dir='ltr'><strong>quia</strong></span> <span class='ocrx_word' id='word_1_205' title='bbox 477 2065 569 2115; x_wconf 88' lang='lat' dir='ltr'><strong>inutile</strong></span> <span class='ocrx_word' id='word_1_206' title='bbox 580 2069 619 2116; x_wconf 85' lang='lat' dir='ltr'><strong>cst</strong></span> <span class='ocrx_word' id='word_1_207' title='bbox 629 2065 720 2115; x_wconf 88' lang='lat' dir='ltr'><strong>addere</strong></span> <span class='ocrx_word' id='word_1_208' title='bbox 733 2063 800 2126; x_wconf 82' lang='lat' dir='ltr'><strong>quod</strong></span> <span class='ocrx_word' id='word_1_209' title='bbox 811 2063 928 2125; x_wconf 82' lang='lat' dir='ltr'><strong>loquatur</strong></span> <span class='ocrx_word' id='word_1_210' title='bbox 940 2061 1036 2112; x_wconf 77' lang='lat' dir='ltr'><strong>secretu</strong></span> <span class='ocrx_word' id='word_1_211' title='bbox 1045 2067 1070 2112; x_wconf 89' lang='lat' dir='ltr'><strong>et</strong></span> <span class='ocrx_word' id='word_1_212' title='bbox 1080 2063 1152 2128; x_wconf 90' lang='lat' dir='ltr'><strong>apud</strong></span> <span class='ocrx_word' id='word_1_213' title='bbox 1165 2077 1255 2127; x_wconf 79' lang='lat' dir='ltr'><strong>paucos,</strong></span> 
     </span>
     <span class='ocr_line' id='line_1_25' title="bbox 205 2130 910 2197; baseline 0.006 -19"><span class='ocrx_word' id='word_1_214' title='bbox 205 2130 263 2180; x_wconf 80' lang='lat' dir='ltr'><strong>crim</strong></span> <span class='ocrx_word' id='word_1_215' title='bbox 276 2131 379 2193; x_wconf 82' lang='lat' dir='ltr'><strong>dixerit,</strong></span> <span class='ocrx_word' id='word_1_216' title='bbox 393 2134 457 2183; x_wconf 83' lang='lat' dir='ltr'><strong>inter</strong></span> <span class='ocrx_word' id='word_1_217' title='bbox 473 2135 606 2197; x_wconf 73' lang='lat' dir='ltr'><strong>periectos,</strong></span> <span class='ocrx_word' id='word_1_218' title='bbox 620 2135 665 2195; x_wconf 85' lang='lat' dir='ltr'><strong>qui</strong></span> <span class='ocrx_word' id='word_1_219' title='bbox 679 2134 740 2184; x_wconf 77' lang='lat' dir='ltr'><strong>sane</strong></span> <span class='ocrx_word' id='word_1_220' title='bbox 755 2135 829 2196; x_wconf 87' lang='lat' dir='ltr'><strong>pauci</strong></span> <span class='ocrx_word' id='word_1_221' title='bbox 841 2135 910 2182; x_wconf 86' lang='lat' dir='ltr'><strong>sunt.</strong></span> 
     </span>
    </p>
   </div>
   <div class='ocr_carea' id='block_1_7' title="bbox 201 2205 1256 2622">
    <p class='ocr_par' dir='ltr' id='par_1_11' title="bbox 204 2205 1256 2408">
     <span class='ocr_line' id='line_1_26' title="bbox 236 2205 1256 2274; baseline -0.004 -15"><span class='ocrx_word' id='word_1_222' title='bbox 236 2209 296 2269; x_wconf 78' lang='lat' dir='ltr'><strong>Qua</strong></span> <span class='ocrx_word' id='word_1_223' title='bbox 309 2209 454 2263; x_wconf 79' lang='lat' dir='ltr'><strong>abscondita</strong></span> <span class='ocrx_word' id='word_1_224' title='bbox 466 2216 509 2262; x_wconf 85' lang='lat' dir='ltr'><strong>est.</strong></span> <span class='ocrx_word' id='word_1_225' title='bbox 520 2209 578 2262; x_wconf 79' lang='lat' dir='ltr'><strong>llaec</strong></span> <span class='ocrx_word' id='word_1_226' title='bbox 591 2210 660 2261; x_wconf 84' lang='lat' dir='ltr'><strong>enim</strong></span> <span class='ocrx_word' id='word_1_227' title='bbox 672 2208 715 2262; x_wconf 81' lang='lat' dir='ltr'><strong>Ilei</strong></span> <span class='ocrx_word' id='word_1_228' title='bbox 731 2209 851 2274; x_wconf 88' lang='lat' dir='ltr'><strong>sapientia</strong></span> <span class='ocrx_word' id='word_1_229' title='bbox 864 2206 1022 2265; x_wconf 83' lang='lat' dir='ltr'><strong>,incarnatio</strong></span> <span class='ocrx_word' id='word_1_230' title='bbox 1034 2205 1106 2257; x_wconf 84' lang='lat' dir='ltr'><strong>Verbi</strong></span> <span class='ocrx_word' id='word_1_231' title='bbox 1120 2206 1177 2259; x_wconf 90' lang='lat' dir='ltr'><strong>buc</strong></span> <span class='ocrx_word' id='word_1_232' title='bbox 1190 2219 1256 2268; x_wconf 76' lang='lat' dir='ltr'><strong>usqne</strong></span> 
     </span>
     <span class='ocr_line' id='line_1_27' title="bbox 204 2276 1255 2342; baseline -0.004 -13"><span class='ocrx_word' id='word_1_233' title='bbox 204 2279 348 2329; x_wconf 81' lang='lat' dir='ltr'><strong>abscondita</strong></span> <span class='ocrx_word' id='word_1_234' title='bbox 360 2280 409 2329; x_wconf 91' lang='lat' dir='ltr'><strong>iuit</strong></span> <span class='ocrx_word' id='word_1_235' title='bbox 421 2278 534 2340; x_wconf 90' lang='lat' dir='ltr'><strong>,mundo</strong></span> <span class='ocrx_word' id='word_1_236' title='bbox 543 2291 646 2341; x_wconf 89' lang='lat' dir='ltr'><strong>prorsus</strong></span> <span class='ocrx_word' id='word_1_237' title='bbox 657 2280 756 2342; x_wconf 84' lang='lat' dir='ltr'><strong>ignota,</strong></span> <span class='ocrx_word' id='word_1_238' title='bbox 769 2280 830 2340; x_wconf 87' lang='lat' dir='ltr'><strong>ipsis</strong></span> <span class='ocrx_word' id='word_1_239' title='bbox 840 2276 972 2338; x_wconf 81' lang='lat' dir='ltr'><strong>fidelibus,</strong></span> <span class='ocrx_word' id='word_1_240' title='bbox 984 2280 1129 2339; x_wconf 86' lang='lat' dir='ltr'><strong>sanctisque</strong></span> <span class='ocrx_word' id='word_1_241' title='bbox 1139 2282 1209 2338; x_wconf 84' lang='lat' dir='ltr'><strong>viris,</strong></span> <span class='ocrx_word' id='word_1_242' title='bbox 1221 2281 1255 2327; x_wconf 67' lang='lat' dir='ltr'><strong>liei</strong></span> 
     </span>
     <span class='ocr_line' id='line_1_28' title="bbox 204 2348 653 2408; baseline -0.004 -9"><span class='ocrx_word' id='word_1_243' title='bbox 204 2350 308 2407; x_wconf 81' lang='lat' dir='ltr'><strong>amicis,</strong></span> <span class='ocrx_word' id='word_1_244' title='bbox 320 2348 401 2397; x_wconf 84' lang='lat' dir='ltr'><strong>velata</strong></span> <span class='ocrx_word' id='word_1_245' title='bbox 413 2348 500 2408; x_wconf 82' lang='lat' dir='ltr'><strong>liguris</strong></span> <span class='ocrx_word' id='word_1_246' title='bbox 511 2352 536 2396; x_wconf 92' lang='lat' dir='ltr'><strong>et</strong></span> <span class='ocrx_word' id='word_1_247' title='bbox 547 2348 653 2397; x_wconf 89' lang='lat' dir='ltr'><strong>umbris.</strong></span> 
     </span>
    </p>

    <p class='ocr_par' dir='ltr' id='par_1_12' title="bbox 201 2420 1254 2622">
     <span class='ocr_line' id='line_1_29' title="bbox 235 2420 1254 2485; baseline -0.002 -15"><span class='ocrx_word' id='word_1_248' title='bbox 235 2424 318 2480; x_wconf 78' lang='lat' dir='ltr'><strong>ostam</strong></span> <span class='ocrx_word' id='word_1_249' title='bbox 329 2423 514 2485; x_wconf 75' lang='lat' dir='ltr'><strong>predestinavit</strong></span> <span class='ocrx_word' id='word_1_250' title='bbox 525 2424 622 2474; x_wconf 77' lang='lat' dir='ltr'><strong>amr...</strong></span> <span class='ocrx_word' id='word_1_251' title='bbox 632 2423 703 2473; x_wconf 85' lang='lat' dir='ltr'><strong>lianc</strong></span> <span class='ocrx_word' id='word_1_252' title='bbox 713 2425 799 2471; x_wconf 88' lang='lat' dir='ltr'><strong>tamen</strong></span> <span class='ocrx_word' id='word_1_253' title='bbox 812 2420 843 2469; x_wconf 85' lang='lat' dir='ltr'><strong>ab</strong></span> <span class='ocrx_word' id='word_1_254' title='bbox 855 2423 947 2469; x_wconf 75' lang='lat' dir='ltr'><strong>aeterno</strong></span> <span class='ocrx_word' id='word_1_255' title='bbox 959 2420 1025 2469; x_wconf 81' lang='lat' dir='ltr'><strong>Deus</strong></span> <span class='ocrx_word' id='word_1_256' title='bbox 1040 2421 1155 2471; x_wconf 89' lang='lat' dir='ltr'><strong>decrevit</strong></span> <span class='ocrx_word' id='word_1_257' title='bbox 1166 2424 1197 2471; x_wconf 87' lang='lat' dir='ltr'><strong>ad</strong></span> <span class='ocrx_word' id='word_1_258' title='bbox 1210 2436 1254 2470; x_wconf 74' lang='lat' dir='ltr'><strong>noe·</strong></span> 
     </span>
     <span class='ocr_line' id='line_1_30' title="bbox 201 2488 1254 2552; baseline -0.002 -13"><span class='ocrx_word' id='word_1_259' title='bbox 201 2494 268 2540; x_wconf 89' lang='lat' dir='ltr'><strong>tram</strong></span> <span class='ocrx_word' id='word_1_260' title='bbox 283 2492 509 2541; x_wconf 81' lang='lat' dir='ltr'><strong>sanctificationem</strong></span> <span class='ocrx_word' id='word_1_261' title='bbox 518 2495 544 2539; x_wconf 86' lang='lat' dir='ltr'><strong>et</strong></span> <span class='ocrx_word' id='word_1_262' title='bbox 559 2491 664 2552; x_wconf 80' lang='lat' dir='ltr'><strong>giarium</strong></span> <span class='ocrx_word' id='word_1_263' title='bbox 674 2511 681 2552; x_wconf 75' lang='lat'><em>3</em></span> <span class='ocrx_word' id='word_1_264' title='bbox 693 2502 736 2540; x_wconf 87' lang='lat' dir='ltr'><strong>seu</strong></span> <span class='ocrx_word' id='word_1_265' title='bbox 746 2488 778 2538; x_wconf 90' lang='lat' dir='ltr'><strong>ad</strong></span> <span class='ocrx_word' id='word_1_266' title='bbox 793 2488 899 2549; x_wconf 83' lang='lat' dir='ltr'><strong>gloriam</strong></span> <span class='ocrx_word' id='word_1_267' title='bbox 910 2492 1001 2537; x_wconf 75' lang='lat' dir='ltr'><strong>nostros</strong></span> <span class='ocrx_word' id='word_1_268' title='bbox 1013 2488 1159 2551; x_wconf 86' lang='lat' dir='ltr'><strong>adoptionis</strong></span> <span class='ocrx_word' id='word_1_269' title='bbox 1174 2493 1200 2539; x_wconf 89' lang='lat' dir='ltr'><strong>in</strong></span> <span class='ocrx_word' id='word_1_270' title='bbox 1213 2496 1254 2537; x_wconf 79' lang='lat' dir='ltr'><strong>trr-</strong></span> 
     </span>
     <span class='ocr_line' id='line_1_31' title="bbox 202 2558 864 2622; baseline -0.005 -13"><span class='ocrx_word' id='word_1_271' title='bbox 202 2562 252 2621; x_wconf 88' lang='lat' dir='ltr'><strong>ris;</strong></span> <span class='ocrx_word' id='word_1_272' title='bbox 267 2560 334 2609; x_wconf 84' lang='lat' dir='ltr'><strong>etad</strong></span> <span class='ocrx_word' id='word_1_273' title='bbox 345 2561 450 2622; x_wconf 77' lang='lat' dir='ltr'><strong>giarium</strong></span> <span class='ocrx_word' id='word_1_274' title='bbox 461 2565 553 2609; x_wconf 82' lang='lat' dir='ltr'><strong>nostru</strong></span> <span class='ocrx_word' id='word_1_275' title='bbox 565 2560 729 2610; x_wconf 77' lang='lat' dir='ltr'><strong>beatitudinis</strong></span> <span class='ocrx_word' id='word_1_276' title='bbox 745 2562 772 2609; x_wconf 94' lang='lat' dir='ltr'><strong>ln</strong></span> <span class='ocrx_word' id='word_1_277' title='bbox 786 2558 864 2608; x_wconf 82' lang='lat' dir='ltr'><strong>omlis.</strong></span> 
     </span>
    </p>
   </div>
   <div class='ocr_carea' id='block_1_8' title="bbox 200 2640 1266 3531">
    <p class='ocr_par' dir='ltr' id='par_1_13' title="bbox 201 2640 1266 2841">
     <span class='ocr_line' id='line_1_32' title="bbox 232 2640 1252 2702; baseline -0.004 -11"><span class='ocrx_word' id='word_1_278' title='bbox 232 2643 391 2691; x_wconf 80' lang='lat' dir='ltr'><strong>ssnsrnvarro</strong></span> <span class='ocrx_word' id='word_1_279' title='bbox 409 2642 619 2691; x_wconf 72' lang='lat' dir='ltr'><strong>soniare-lire</strong></span> <span class='ocrx_word' id='word_1_280' title='bbox 633 2644 708 2700; x_wconf 88' lang='lat' dir='ltr'><strong>siste,</strong></span> <span class='ocrx_word' id='word_1_281' title='bbox 720 2640 798 2691; x_wconf 87' lang='lat' dir='ltr'><strong>lector</strong></span> <span class='ocrx_word' id='word_1_282' title='bbox 807 2678 814 2701; x_wconf 89' lang='lat'>‚</span> <span class='ocrx_word' id='word_1_283' title='bbox 824 2640 900 2689; x_wconf 81' lang='lat' dir='ltr'><strong>verbu</strong></span> <span class='ocrx_word' id='word_1_284' title='bbox 912 2640 1039 2702; x_wconf 88' lang='lat' dir='ltr'><strong>perpende</strong></span> <span class='ocrx_word' id='word_1_285' title='bbox 1050 2676 1057 2699; x_wconf 95' lang='lat'><strong>,</strong></span> <span class='ocrx_word' id='word_1_286' title='bbox 1068 2643 1096 2689; x_wconf 87' lang='lat' dir='ltr'><strong>et</strong></span> <span class='ocrx_word' id='word_1_287' title='bbox 1104 2644 1199 2691; x_wconf 88' lang='lat' dir='ltr'><strong>mirare</strong></span> <span class='ocrx_word' id='word_1_288' title='bbox 1211 2654 1252 2688; x_wconf 71' lang='lat' dir='ltr'><strong>ma</strong></span> 
     </span>
     <span class='ocr_line' id='line_1_33' title="bbox 202 2708 1253 2772; baseline -0.004 -13"><span class='ocrx_word' id='word_1_289' title='bbox 202 2724 262 2759; x_wconf 88' lang='lat' dir='ltr'><strong>eum</strong></span> <span class='ocrx_word' id='word_1_290' title='bbox 281 2729 289 2759; x_wconf 73' lang='lat' dir='ltr'><strong>c</strong></span> <span class='ocrx_word' id='word_1_291' title='bbox 308 2714 457 2772; x_wconf 87' lang='lat' dir='ltr'><strong>sapientiam</strong></span> <span class='ocrx_word' id='word_1_292' title='bbox 475 2723 564 2769; x_wconf 89' lang='lat' dir='ltr'><strong>suam,</strong></span> <span class='ocrx_word' id='word_1_293' title='bbox 580 2708 674 2758; x_wconf 84' lang='lat' dir='ltr'><strong>Filium</strong></span> <span class='ocrx_word' id='word_1_294' title='bbox 693 2721 786 2771; x_wconf 87' lang='lat' dir='ltr'><strong>suum,</strong></span> <span class='ocrx_word' id='word_1_295' title='bbox 801 2712 828 2759; x_wconf 90' lang='lat' dir='ltr'><strong>in</strong></span> <span class='ocrx_word' id='word_1_296' title='bbox 848 2710 968 2771; x_wconf 76' lang='lat' dir='ltr'><strong>mysterio</strong></span> <span class='ocrx_word' id='word_1_297' title='bbox 986 2709 1182 2772; x_wconf 83' lang='lat' dir='ltr'><strong>absconditam,</strong></span> <span class='ocrx_word' id='word_1_298' title='bbox 1200 2713 1253 2759; x_wconf 79' lang='lat' dir='ltr'><strong>liam</strong></span> 
     </span>
     <span class='ocr_line' id='line_1_34' title="bbox 201 2778 1266 2841; baseline -0.003 -14"><span class='ocrx_word' id='word_1_299' title='bbox 201 2778 387 2841; x_wconf 75' lang='lat' dir='ltr'><strong>praedestinavit</strong></span> <span class='ocrx_word' id='word_1_300' title='bbox 400 2778 433 2826; x_wconf 90' lang='lat' dir='ltr'><strong>ad</strong></span> <span class='ocrx_word' id='word_1_301' title='bbox 445 2778 550 2837; x_wconf 81' lang='lat' dir='ltr'><strong>gloriam</strong></span> <span class='ocrx_word' id='word_1_302' title='bbox 562 2780 643 2827; x_wconf 84' lang='lat' dir='ltr'><strong>tuam.</strong></span> <span class='ocrx_word' id='word_1_303' title='bbox 1265 2778 1266 2781; x_wconf 77' lang='grc'>’</span> 
     </span>
    </p>

    <p class='ocr_par' dir='ltr' id='par_1_14' title="bbox 203 2848 1253 2979">
     <span class='ocr_line' id='line_1_35' title="bbox 233 2848 1253 2913; baseline 0 -18"><span class='ocrx_word' id='word_1_304' title='bbox 233 2848 341 2907; x_wconf 83' lang='lat' dir='ltr'><strong>Concipe</strong></span> <span class='ocrx_word' id='word_1_305' title='bbox 355 2852 379 2894; x_wconf 69' lang='grc' dir='ltr'><strong>κ’</strong></span> <span class='ocrx_word' id='word_1_306' title='bbox 392 2849 414 2895; x_wconf 85' lang='lat' dir='ltr'><strong>si</strong></span> <span class='ocrx_word' id='word_1_307' title='bbox 430 2851 499 2909; x_wconf 88' lang='lat' dir='ltr'><strong>potes</strong></span> <span class='ocrx_word' id='word_1_308' title='bbox 509 2850 674 2909; x_wconf 87' lang='lat' dir='ltr'><strong>,sapientiam</strong></span> <span class='ocrx_word' id='word_1_309' title='bbox 686 2851 807 2899; x_wconf 76' lang='lat' dir='ltr'><strong>aeternam</strong></span> <span class='ocrx_word' id='word_1_310' title='bbox 821 2850 881 2909; x_wconf 79' lang='lat' dir='ltr'><strong>liei,</strong></span> <span class='ocrx_word' id='word_1_311' title='bbox 894 2849 974 2899; x_wconf 82' lang='lat' dir='ltr'><strong>Deum</strong></span> <span class='ocrx_word' id='word_1_312' title='bbox 986 2850 1069 2910; x_wconf 89' lang='lat' dir='ltr'><strong>ipsum</strong></span> <span class='ocrx_word' id='word_1_313' title='bbox 1081 2885 1089 2909; x_wconf 90' lang='lat'><strong><em>‚</em></strong></span> <span class='ocrx_word' id='word_1_314' title='bbox 1101 2852 1128 2899; x_wconf 92' lang='lat' dir='ltr'><strong>ln</strong></span> <span class='ocrx_word' id='word_1_315' title='bbox 1143 2852 1253 2913; x_wconf 77' lang='lat' dir='ltr'><strong>mysterio</strong></span> 
     </span>
     <span class='ocr_line' id='line_1_36' title="bbox 203 2916 1151 2979; baseline 0.003 -14"><span class='ocrx_word' id='word_1_316' title='bbox 203 2919 228 2965; x_wconf 90' lang='lat' dir='ltr'><strong>et</strong></span> <span class='ocrx_word' id='word_1_317' title='bbox 239 2927 283 2977; x_wconf 85' lang='lat' dir='ltr'><strong>par</strong></span> <span class='ocrx_word' id='word_1_318' title='bbox 294 2916 443 2975; x_wconf 81' lang='lat' dir='ltr'><strong>mysterium</strong></span> <span class='ocrx_word' id='word_1_319' title='bbox 457 2916 641 2967; x_wconf 89' lang='lat' dir='ltr'><strong>incarnationis</strong></span> <span class='ocrx_word' id='word_1_320' title='bbox 652 2918 840 2979; x_wconf 87' lang='lat' dir='ltr'><strong>absconditam,</strong></span> <span class='ocrx_word' id='word_1_321' title='bbox 853 2922 878 2967; x_wconf 88' lang='lat' dir='ltr'><strong>et</strong></span> <span class='ocrx_word' id='word_1_322' title='bbox 889 2920 960 2979; x_wconf 80' lang='lat' dir='ltr'><strong>quasi</strong></span> <span class='ocrx_word' id='word_1_323' title='bbox 972 2916 1151 2968; x_wconf 87' lang='lat' dir='ltr'><strong>annihilatam.</strong></span> 
     </span>
    </p>

    <p class='ocr_par' dir='ltr' id='par_1_15' title="bbox 203 2983 1252 3189">
     <span class='ocr_line' id='line_1_37' title="bbox 233 2983 1252 3049; baseline -0.001 -17"><span class='ocrx_word' id='word_1_324' title='bbox 233 2983 342 3043; x_wconf 86' lang='lat' dir='ltr'><strong>Concipe</strong></span> <span class='ocrx_word' id='word_1_325' title='bbox 357 2985 384 3031; x_wconf 79' lang='lat'><strong>2⁰</strong></span> <span class='ocrx_word' id='word_1_326' title='bbox 406 2986 428 3033; x_wconf 88' lang='lat' dir='ltr'><strong>si</strong></span> <span class='ocrx_word' id='word_1_327' title='bbox 447 2988 534 3046; x_wconf 85' lang='lat' dir='ltr'><strong>potes,</strong></span> <span class='ocrx_word' id='word_1_328' title='bbox 548 2985 615 3035; x_wconf 88' lang='lat' dir='ltr'><strong>banc</strong></span> <span class='ocrx_word' id='word_1_329' title='bbox 633 2988 783 3049; x_wconf 87' lang='lat' dir='ltr'><strong>sapientiam</strong></span> <span class='ocrx_word' id='word_1_330' title='bbox 798 2986 855 3046; x_wconf 87' lang='lat' dir='ltr'><strong>liei,</strong></span> <span class='ocrx_word' id='word_1_331' title='bbox 873 2987 921 3035; x_wconf 88' lang='lat' dir='ltr'><strong>sub</strong></span> <span class='ocrx_word' id='word_1_332' title='bbox 938 2986 1097 3035; x_wconf 81' lang='lat' dir='ltr'><strong>humanitate</strong></span> <span class='ocrx_word' id='word_1_333' title='bbox 1117 2991 1204 3036; x_wconf 81' lang='lat' dir='ltr'><strong>nostra</strong></span> <span class='ocrx_word' id='word_1_334' title='bbox 1224 2988 1252 3033; x_wconf 83' lang='lat' dir='ltr'><strong>sic</strong></span> 
     </span>
     <span class='ocr_line' id='line_1_38' title="bbox 203 3052 1251 3118; baseline -0.004 -15"><span class='ocrx_word' id='word_1_335' title='bbox 203 3053 367 3113; x_wconf 88' lang='lat' dir='ltr'><strong>absconsam,</strong></span> <span class='ocrx_word' id='word_1_336' title='bbox 381 3065 411 3101; x_wconf 89' lang='lat' dir='ltr'><strong>ex</strong></span> <span class='ocrx_word' id='word_1_337' title='bbox 428 3053 549 3103; x_wconf 85' lang='lat' dir='ltr'><strong>ineiiabili</strong></span> <span class='ocrx_word' id='word_1_338' title='bbox 560 3052 612 3117; x_wconf 77' lang='lat' dir='ltr'><strong>¹liei</strong></span> <span class='ocrx_word' id='word_1_339' title='bbox 626 3055 754 3116; x_wconf 88' lang='lat' dir='ltr'><strong>bonitate,</strong></span> <span class='ocrx_word' id='word_1_340' title='bbox 766 3056 969 3118; x_wconf 74' lang='lat' dir='ltr'><strong>praedestinatam</strong></span> <span class='ocrx_word' id='word_1_341' title='bbox 983 3055 1015 3105; x_wconf 87' lang='lat' dir='ltr'><strong>ab</strong></span> <span class='ocrx_word' id='word_1_342' title='bbox 1031 3062 1128 3105; x_wconf 83' lang='lat' dir='ltr'><strong>aeterno</strong></span> <span class='ocrx_word' id='word_1_343' title='bbox 1141 3056 1177 3105; x_wconf 86' lang='lat' dir='ltr'><strong>ad</strong></span> <span class='ocrx_word' id='word_1_344' title='bbox 1195 3063 1251 3104; x_wconf 83' lang='lat' dir='ltr'><strong>tuan</strong></span> 
     </span>
     <span class='ocr_line' id='line_1_39' title="bbox 203 3126 697 3189; baseline 0.002 -15"><span class='ocrx_word' id='word_1_345' title='bbox 203 3126 306 3189; x_wconf 75' lang='lat' dir='ltr'><strong>gloriam</strong></span> <span class='ocrx_word' id='word_1_346' title='bbox 319 3128 343 3173; x_wconf 90' lang='lat' dir='ltr'><strong>et</strong></span> <span class='ocrx_word' id='word_1_347' title='bbox 355 3126 518 3187; x_wconf 86' lang='lat' dir='ltr'><strong>temporalem</strong></span> <span class='ocrx_word' id='word_1_348' title='bbox 530 3129 555 3175; x_wconf 90' lang='lat' dir='ltr'><strong>et</strong></span> <span class='ocrx_word' id='word_1_349' title='bbox 567 3130 697 3176; x_wconf 82' lang='lat' dir='ltr'><strong>aternam.</strong></span> 
     </span>
    </p>

    <p class='ocr_par' dir='ltr' id='par_1_16' title="bbox 201 3196 1250 3396">
     <span class='ocr_line' id='line_1_40' title="bbox 231 3196 1249 3260; baseline -0.007 -14"><span class='ocrx_word' id='word_1_350' title='bbox 231 3198 296 3246; x_wconf 80' lang='lat' dir='ltr'><strong>Deus</strong></span> <span class='ocrx_word' id='word_1_351' title='bbox 313 3196 345 3243; x_wconf 92' lang='lat' dir='ltr'><strong>ad</strong></span> <span class='ocrx_word' id='word_1_352' title='bbox 356 3196 489 3245; x_wconf 88' lang='lat' dir='ltr'><strong>hominum</strong></span> <span class='ocrx_word' id='word_1_353' title='bbox 501 3197 606 3258; x_wconf 76' lang='lat' dir='ltr'><strong>gloriam</strong></span> <span class='ocrx_word' id='word_1_354' title='bbox 620 3196 823 3260; x_wconf 64' lang='lat' dir='ltr'><strong>predestinatus!</strong></span> <span class='ocrx_word' id='word_1_355' title='bbox 834 3196 937 3247; x_wconf 81' lang='lat' dir='ltr'><strong>Creator</strong></span> <span class='ocrx_word' id='word_1_356' title='bbox 955 3196 988 3245; x_wconf 88' lang='lat' dir='ltr'><strong>ad</strong></span> <span class='ocrx_word' id='word_1_357' title='bbox 1007 3200 1131 3247; x_wconf 79' lang='lat' dir='ltr'><strong>creaturae</strong></span> <span class='ocrx_word' id='word_1_358' title='bbox 1149 3197 1249 3245; x_wconf 81' lang='lat' dir='ltr'><strong>bonum!</strong></span> 
     </span>
     <span class='ocr_line' id='line_1_41' title="bbox 202 3264 1250 3325; baseline -0.008 -8"><span class='ocrx_word' id='word_1_359' title='bbox 202 3266 279 3317; x_wconf 81' lang='lat' dir='ltr'><strong>illius</strong></span> <span class='ocrx_word' id='word_1_360' title='bbox 291 3264 335 3313; x_wconf 83' lang='lat' dir='ltr'><strong>liei</strong></span> <span class='ocrx_word' id='word_1_361' title='bbox 350 3265 430 3314; x_wconf 83' lang='lat' dir='ltr'><strong>iactus</strong></span> <span class='ocrx_word' id='word_1_362' title='bbox 446 3271 483 3314; x_wconf 89' lang='lat' dir='ltr'><strong>est</strong></span> <span class='ocrx_word' id='word_1_363' title='bbox 497 3265 566 3315; x_wconf 86' lang='lat' dir='ltr'><strong>illius</strong></span> <span class='ocrx_word' id='word_1_364' title='bbox 583 3265 708 3325; x_wconf 87' lang='lat' dir='ltr'><strong>bominis,</strong></span> <span class='ocrx_word' id='word_1_365' title='bbox 723 3270 752 3314; x_wconf 90' lang='lat' dir='ltr'><strong>ut</strong></span> <span class='ocrx_word' id='word_1_366' title='bbox 767 3269 815 3325; x_wconf 90' lang='lat' dir='ltr'><strong>tu,</strong></span> <span class='ocrx_word' id='word_1_367' title='bbox 831 3264 944 3314; x_wconf 88' lang='lat' dir='ltr'><strong>hominis</strong></span> <span class='ocrx_word' id='word_1_368' title='bbox 962 3264 1012 3324; x_wconf 88' lang='lat' dir='ltr'><strong>iiii,</strong></span> <span class='ocrx_word' id='word_1_369' title='bbox 1031 3264 1105 3314; x_wconf 84' lang='lat' dir='ltr'><strong>lieres</strong></span> <span class='ocrx_word' id='word_1_370' title='bbox 1123 3265 1192 3315; x_wconf 89' lang='lat' dir='ltr'><strong>iilius</strong></span> <span class='ocrx_word' id='word_1_371' title='bbox 1203 3266 1250 3319; x_wconf 77' lang='lat' dir='ltr'><strong>liei,</strong></span> 
     </span>
     <span class='ocr_line' id='line_1_42' title="bbox 201 3333 1039 3396; baseline -0.002 -11"><span class='ocrx_word' id='word_1_372' title='bbox 201 3333 779 3396; x_wconf 75' lang='lat' dir='ltr'><strong>nuncpergratiam,aiiquanriopargtorlarn.</strong></span> <span class='ocrx_word' id='word_1_373' title='bbox 1037 3347 1039 3353; x_wconf 92' lang='lat'>·</span> 
     </span>
    </p>

    <p class='ocr_par' dir='ltr' id='par_1_17' title="bbox 200 3401 1250 3531">
     <span class='ocr_line' id='line_1_43' title="bbox 230 3401 1250 3465; baseline -0.003 -14"><span class='ocrx_word' id='word_1_374' title='bbox 230 3403 300 3451; x_wconf 81' lang='lat' dir='ltr'><strong>Hanc</strong></span> <span class='ocrx_word' id='word_1_375' title='bbox 311 3407 431 3451; x_wconf 78' lang='lat' dir='ltr'><strong>aeternam</strong></span> <span class='ocrx_word' id='word_1_376' title='bbox 442 3401 599 3461; x_wconf 84' lang='lat' dir='ltr'><strong>charitatem,</strong></span> <span class='ocrx_word' id='word_1_377' title='bbox 608 3405 716 3451; x_wconf 87' lang='lat' dir='ltr'><strong>nimiam</strong></span> <span class='ocrx_word' id='word_1_378' title='bbox 730 3406 755 3452; x_wconf 89' lang='lat' dir='ltr'><strong>et</strong></span> <span class='ocrx_word' id='word_1_379' title='bbox 767 3401 1047 3465; x_wconf 85' lang='lat' dir='ltr'><strong>incomprehensibilem</strong></span> <span class='ocrx_word' id='word_1_380' title='bbox 1059 3404 1163 3465; x_wconf 72' lang='lat' dir='ltr'><strong>muare,</strong></span> <span class='ocrx_word' id='word_1_381' title='bbox 1175 3405 1250 3457; x_wconf 83' lang='lat' dir='ltr'><strong>adora,</strong></span> 
     </span>
     <span class='ocr_line' id='line_1_44' title="bbox 200 3470 401 3531; baseline -0.015 -9"><span class='ocrx_word' id='word_1_382' title='bbox 200 3484 273 3531; x_wconf 85' lang='lat' dir='ltr'><strong>ama,</strong></span> <span class='ocrx_word' id='word_1_383' title='bbox 289 3470 401 3520; x_wconf 70' lang='lat' dir='ltr'><strong>rmama.</strong></span> 
     </span>
    </p>
   </div>
   <div class='ocr_carea' id='block_1_9' title="bbox 198 3548 1264 3953">
    <p class='ocr_par' dir='ltr' id='par_1_18' title="bbox 198 3548 1264 3953">
     <span class='ocr_line' id='line_1_45' title="bbox 231 3548 1264 3619; baseline -0.004 -15"><span class='ocrx_word' id='word_1_384' title='bbox 231 3560 255 3604; x_wconf 90' lang='lat' dir='ltr'><strong>s.</strong></span> <span class='ocrx_word' id='word_1_385' title='bbox 272 3556 354 3611; x_wconf 74' lang='grc' dir='ltr'><strong>οιιαιη</strong></span> <span class='ocrx_word' id='word_1_386' title='bbox 364 3568 435 3603; x_wconf 84' lang='lat' dir='ltr'><strong>nemo</strong></span> <span class='ocrx_word' id='word_1_387' title='bbox 443 3555 591 3616; x_wconf 79' lang='lat' dir='ltr'><strong>principum</strong></span> <span class='ocrx_word' id='word_1_388' title='bbox 609 3554 685 3615; x_wconf 80' lang='lat' dir='ltr'><strong>bajus</strong></span> <span class='ocrx_word' id='word_1_389' title='bbox 696 3554 803 3604; x_wconf 81' lang='lat' dir='ltr'><strong>seculi...</strong></span> <span class='ocrx_word' id='word_1_390' title='bbox 815 3553 885 3604; x_wconf 83' lang='lat' dir='ltr'><strong>lianc</strong></span> <span class='ocrx_word' id='word_1_391' title='bbox 899 3554 942 3603; x_wconf 86' lang='lat' dir='ltr'><strong>liei</strong></span> <span class='ocrx_word' id='word_1_392' title='bbox 955 3556 1120 3619; x_wconf 86' lang='lat' dir='ltr'><strong>sapientiam,</strong></span> <span class='ocrx_word' id='word_1_393' title='bbox 1132 3557 1248 3614; x_wconf 57' lang='lat' dir='ltr'><strong>danblim</strong></span> <span class='ocrx_word' id='word_1_394' title='bbox 1263 3548 1264 3587; x_wconf 60' lang='grc' dir='ltr'>ἰ</span> 
     </span>
     <span class='ocr_line' id='line_1_46' title="bbox 199 3621 1248 3687; baseline -0.003 -13"><span class='ocrx_word' id='word_1_395' title='bbox 199 3624 291 3674; x_wconf 79' lang='lat' dir='ltr'><strong>Filium</strong></span> <span class='ocrx_word' id='word_1_396' title='bbox 302 3621 344 3669; x_wconf 79' lang='lat' dir='ltr'><strong>liei</strong></span> <span class='ocrx_word' id='word_1_397' title='bbox 361 3622 536 3682; x_wconf 86' lang='lat' dir='ltr'><strong>incarnatum,</strong></span> <span class='ocrx_word' id='word_1_398' title='bbox 547 3623 579 3671; x_wconf 89' lang='lat' dir='ltr'><strong>ad</strong></span> <span class='ocrx_word' id='word_1_399' title='bbox 595 3628 705 3672; x_wconf 89' lang='lat' dir='ltr'><strong>nostram</strong></span> <span class='ocrx_word' id='word_1_400' title='bbox 720 3624 824 3686; x_wconf 79' lang='lat' dir='ltr'><strong>gloriam</strong></span> <span class='ocrx_word' id='word_1_401' title='bbox 836 3624 1007 3683; x_wconf 88' lang='lat' dir='ltr'><strong>destinatum,</strong></span> <span class='ocrx_word' id='word_1_402' title='bbox 1021 3630 1186 3687; x_wconf 86' lang='lat' dir='ltr'><strong>peccatorum</strong></span> <span class='ocrx_word' id='word_1_403' title='bbox 1204 3638 1248 3675; x_wconf 78' lang='lat' dir='ltr'><strong>nos·</strong></span> 
     </span>
     <span class='ocr_line' id='line_1_47' title="bbox 199 3688 1246 3756; baseline -0.004 -15"><span class='ocrx_word' id='word_1_404' title='bbox 199 3697 297 3741; x_wconf 89' lang='lat' dir='ltr'><strong>trorum</strong></span> <span class='ocrx_word' id='word_1_405' title='bbox 310 3688 511 3750; x_wconf 80' lang='lat' dir='ltr'><strong>purificationem</strong></span> <span class='ocrx_word' id='word_1_406' title='bbox 524 3692 552 3739; x_wconf 90' lang='lat' dir='ltr'><strong>in</strong></span> <span class='ocrx_word' id='word_1_407' title='bbox 569 3689 748 3753; x_wconf 78' lang='lat' dir='ltr'><strong>suo‘eanguine</strong></span> <span class='ocrx_word' id='word_1_408' title='bbox 763 3692 905 3751; x_wconf 89' lang='lat' dir='ltr'><strong>iacturum,</strong></span> <span class='ocrx_word' id='word_1_409' title='bbox 925 3695 950 3741; x_wconf 90' lang='lat' dir='ltr'><strong>et</strong></span> <span class='ocrx_word' id='word_1_410' title='bbox 965 3697 1065 3742; x_wconf 78' lang='lat' dir='ltr'><strong>aterna</strong></span> <span class='ocrx_word' id='word_1_411' title='bbox 1083 3696 1144 3743; x_wconf 76' lang='lat' dir='ltr'><strong>vites</strong></span> <span class='ocrx_word' id='word_1_412' title='bbox 1158 3696 1246 3756; x_wconf 77' lang='lat' dir='ltr'><strong>glorian</strong></span> 
     </span>
     <span class='ocr_line' id='line_1_48' title="bbox 199 3761 1246 3825; baseline -0.002 -17"><span class='ocrx_word' id='word_1_413' title='bbox 199 3761 272 3809; x_wconf 89' lang='lat' dir='ltr'><strong>nobis</strong></span> <span class='ocrx_word' id='word_1_414' title='bbox 284 3770 328 3820; x_wconf 87' lang='lat' dir='ltr'><strong>per</strong></span> <span class='ocrx_word' id='word_1_415' title='bbox 340 3761 448 3806; x_wconf 89' lang='lat' dir='ltr'><strong>mortem</strong></span> <span class='ocrx_word' id='word_1_416' title='bbox 458 3770 531 3806; x_wconf 85' lang='lat' dir='ltr'><strong>suam</strong></span> <span class='ocrx_word' id='word_1_417' title='bbox 541 3761 754 3821; x_wconf 87' lang='lat' dir='ltr'><strong>promeriturum,</strong></span> <span class='ocrx_word' id='word_1_418' title='bbox 767 3774 900 3820; x_wconf 84' lang='lat' dir='ltr'><strong>nemanso</strong></span> <span class='ocrx_word' id='word_1_419' title='bbox 914 3761 1074 3823; x_wconf 73' lang='lat' dir='ltr'><strong>damonum,</strong></span> <span class='ocrx_word' id='word_1_420' title='bbox 1088 3762 1169 3825; x_wconf 83' lang='lat' dir='ltr'><strong>hujus</strong></span> <span class='ocrx_word' id='word_1_421' title='bbox 1183 3761 1246 3813; x_wconf 83' lang='lat' dir='ltr'><strong>secali</strong></span> 
     </span>
     <span class='ocr_line' id='line_1_49' title="bbox 198 3824 1247 3940; baseline 0.006 -68"><span class='ocrx_word' id='word_1_422' title='bbox 198 3827 344 3940; x_wconf 54' lang='lat' dir='ltr'><strong>principum</strong></span> <span class='ocrx_word' id='word_1_423' title='bbox 355 3844 363 3885; x_wconf 90' lang='lat'>;</span> <span class='ocrx_word' id='word_1_424' title='bbox 379 3836 426 3873; x_wconf 92' lang='lat' dir='ltr'><strong>nec</strong></span> <span class='ocrx_word' id='word_1_425' title='bbox 438 3824 573 3874; x_wconf 89' lang='lat' dir='ltr'><strong>bominum</strong></span> <span class='ocrx_word' id='word_1_426' title='bbox 583 3838 793 3891; x_wconf 84' lang='lat' dir='ltr'><strong>quorumcunque</strong></span> <span class='ocrx_word' id='word_1_427' title='bbox 808 3834 957 3893; x_wconf 86' lang='lat' dir='ltr'><strong>potestatem</strong></span> <span class='ocrx_word' id='word_1_428' title='bbox 967 3833 994 3878; x_wconf 90' lang='lat' dir='ltr'><strong>ln</strong></span> <span class='ocrx_word' id='word_1_429' title='bbox 1005 3829 1054 3880; x_wconf 88' lang='lat' dir='ltr'><strong>boc</strong></span> <span class='ocrx_word' id='word_1_430' title='bbox 1065 3832 1154 3881; x_wconf 87' lang='lat' dir='ltr'><strong>seculo</strong></span> <span class='ocrx_word' id='word_1_431' title='bbox 1169 3834 1247 3882; x_wconf 74' lang='lat' dir='ltr'><strong>haban·</strong></span> 
     </span>
     <span class='ocr_line' id='line_1_50' title="bbox 199 3894 1263 3953; baseline 0.003 -12"><span class='ocrx_word' id='word_1_432' title='bbox 199 3897 281 3950; x_wconf 90' lang='lat' dir='ltr'><strong>tum,</strong></span> <span class='ocrx_word' id='word_1_433' title='bbox 298 3896 422 3953; x_wconf 69' lang='lat' dir='ltr'><strong>cognovit.</strong></span> <span class='ocrx_word' id='word_1_434' title='bbox 801 3894 804 3898; x_wconf 84' lang='lat'>&#39;</span> <span class='ocrx_word' id='word_1_435' title='bbox 1262 3896 1263 3907; x_wconf 63' lang='lat'>¹</span> 
     </span>
    </p>
   </div>
   <div class='ocr_carea' id='block_1_10' title="bbox 230 3956 1244 4035">
    <p class='ocr_par' dir='ltr' id='par_1_19' title="bbox 230 3956 1244 4035">
     <span class='ocr_line' id='line_1_51' title="bbox 230 3956 1244 4035; baseline 0.01 -30"><span class='ocrx_word' id='word_1_436' title='bbox 230 3956 309 4005; x_wconf 83' lang='lat' dir='ltr'><strong>tiemo</strong></span> <span class='ocrx_word' id='word_1_437' title='bbox 318 3958 463 4010; x_wconf 60' lang='lat' dir='ltr'><strong>amanum</strong></span> <span class='ocrx_word' id='word_1_438' title='bbox 476 3978 483 4007; x_wconf 68' lang='grc' dir='ltr'><strong><em>ε</em></strong></span> <span class='ocrx_word' id='word_1_439' title='bbox 495 3970 628 4013; x_wconf 87' lang='lat' dir='ltr'><strong>nuaauam</strong></span> <span class='ocrx_word' id='word_1_440' title='bbox 642 3964 710 4015; x_wconf 87' lang='lat' dir='ltr'><strong>enim</strong></span> <span class='ocrx_word' id='word_1_441' title='bbox 727 3963 753 4015; x_wconf 89' lang='lat' dir='ltr'><strong>ld</strong></span> <span class='ocrx_word' id='word_1_442' title='bbox 764 3966 942 4029; x_wconf 74' lang='lat' dir='ltr'><strong>attentassent,</strong></span> <span class='ocrx_word' id='word_1_443' title='bbox 952 3966 1019 4017; x_wconf 90' lang='lat' dir='ltr'><strong>unde</strong></span> <span class='ocrx_word' id='word_1_444' title='bbox 1032 3980 1108 4018; x_wconf 88' lang='lat' dir='ltr'><strong>suum</strong></span> <span class='ocrx_word' id='word_1_445' title='bbox 1123 3970 1244 4035; x_wconf 78' lang='lat' dir='ltr'><strong>imperim</strong></span> 
     </span>
    </p>
   </div>
   <div class='ocr_carea' id='block_1_11' title="bbox 0 0 1284 4450">
    <p class='ocr_par' dir='ltr' id='par_1_20' title="bbox 0 0 1284 4450">
     <span class='ocr_line' id='line_1_52' title="bbox 0 0 1284 4450; baseline 0 0"><span class='ocrx_word' id='word_1_446' title='bbox 0 0 1284 4450; x_wconf 95' lang='lat' dir='ltr'><strong> </strong></span> 
     </span>
    </p>
   </div>
  </div>
 </body>
</html>
