2559 4450
164 311 213 364 su
320 293 329 377 J
549 301 770 379 rsonoeus,
788 312 844 367 aaa.

209 400 395 497 Tertium,
420 401 594 497 haereses,
614 409 691 507 jam
714 411 794 480 thur
814 401 1082 490 subnascentes,
1111 389 1234 474 suffo-

166 549 263 615 ωας
293 530 469 628 praecipue
496 529 535 603 in
555 528 722 629 Epistolis
746 527 792 602 ad
814 527 1008 628 Ephesios,
1037 523 1083 598 ad
1104 523 1236 598 colos-

166 673 305 742 senses,
324 651 372 724 ad
392 653 635 747 Timotheum.

213 775 277 850 11ae
296 799 421 852 omnes
431 767 614 876 Epistola,¹
635 777 667 852 si
683 775 876 876 excipiatur
891 798 971 874 quse
981 772 1028 848 ad
1038 771 1234 864 hebreos,

166 898 302 997 scriptae
325 914 409 975 suut
426 905 559 1002 graech3
579 914 658 975 tum
686 901 771 1001 quia
796 899 842 972 ad
869 899 1029 986 Graeoos,
1046 910 1127 972 tum
1151 898 1237 998 quia
1259 1002 1261 1007 Ι

165 1027 278 1121 graece
293 1036 379 1098 tunc
396 1023 634 1126 loquebantur
656 1025 734 1100 fere
758 1047 883 1097 omnes
900 1049 915 1095 a
936 1023 1023 1096 hino
1044 1021 1146 1097 etad
1168 1023 1235 1094 Ro

159 1121 292 1222 ‘manos
307 1148 413 1222 eam
431 1151 544 1248 greca
564 1148 721 1248 scripsit,
739 1157 782 1223 ut
804 1148 941 1222 aretur
960 1146 1002 1220 n
1021 1145 1134 1245 hujus
1149 1144 1236 1245 upi-

165 1272 494 1371 stolaepraefatione.
983 1299 987 1305 ·

211 1396 347 1488 Porro,
364 1401 471 1497 quam
489 1398 577 1472 utile
593 1397 623 1473 si
652 1397 717 1472 has
745 1421 870 1470 omnes
889 1394 1063 1494 Epistolas
1079 1394 1227 1493 legere,

165 1517 353 1609 meditari,
373 1521 626 1611 commentari,
647 1523 822 1596 diseamus
841 1520 926 1594 al).
954 1519 1094 1592 loanne
1114 1517 1235 1617 cury-

166 1654 321 1715 sostomo
333 1696 345 1733 ,
357 1644 487 1718 harum
506 1645 700 1744 interprete
721 1644 942 1719 fidelissimo.

214 1767 389 1858 Paulinae,
412 1769 551 1868 inquit,
567 1770 733 1868 Epistolae
754 1770 896 1842 metalla
916 1780 1000 1842 sunt
1023 1767 1170 1866 spiritns
1201 1774 1234 1836 et

165 1880 282 1966 fontes
302 1892 468 1966 :metalla
485 1893 631 1993 quidem
642 1948 654 1984 ,
667 1895 751 1994 quia
767 1894 894 1994 quovis
905 1917 993 1967 auro
1004 1891 1232 1991 pretiosiores

164 2017 268 2091 nohis
290 2018 452 2118 praebent
479 2017 640 2114 divitias3
666 2021 785 2093 fontes
807 2021 914 2108 vero,
941 2019 1025 2119 quia
1043 2038 1232 2116 nunquam

165 2142 355 2235 deficiunt3
374 2143 437 2218 sed
453 2141 715 2247 quantumlibet
734 2141 921 2233 exhauris,
941 2139 1168 2215 tantumdem
1194 2156 1231 2208 ao
1259 2149 1261 2152 ’

164 2268 278 2341 multo
290 2269 442 2367 amplihs
463 2295 585 2344 rursus
602 2270 743 2344 affluit:
762 2280 797 2342 et
822 2268 892 2341 hoc
908 2267 1091 2343 evidenter
1112 2263 1232 2337 decla-

164 2414 244 2466 rare
263 2406 377 2494 potest
390 2408 510 2469 'totum
523 2407 664 2495 tempus
682 2390 780 2493 quod
795 2392 976 2491 praeteriit.

212 2518 397 2620 Siquidem
412 2545 536 2619 exquo
553 2518 685 2591 Paulus
691 2516 782 2594 vixit
795 2517 895 2590 mille
908 2528 943 2589 et
954 2514 1144 2615 quingenti
1155 2517 1229 2613 jam

166 2639 276 2738 elapsi
301 2654 388 2715 'sunt
411 2640 520 2729 anni,
538 2653 684 2741 totoque
713 2642 784 2714 hoc
808 2653 970 2738 tempore
982 2693 994 2729 ‚
1017 2640 1125 2713 multi
1154 2652 1229 2713 tum

159 2772 480 2855 commentatores,
500 2777 586 2855 tum¹
600 2766 762 2840 doctores
792 2785 835 2837 ao
860 2764 1091 2863 interpretes,
1117 2763 1228 2837 multa

163 2909 255 2987 saepe
271 2887 355 2962 inde
372 2891 629 2980 exhauserunt,
647 2911 715 2965 nee
733 2903 853 2965 tamen
872 2890 1042 2989 repositas
1063 2887 1155 2962 inihi
1175 2887 1228 2959 di-

163 3012 264 3088 vitias
282 3012 464 3087 exinanire
479 3015 671 3089 valuerunt
685 3041 694 3086 a
708 3037 784 3087 non
801 3027 853 3088 est
867 3015 965 3087 enim
981 3010 1157 3086 sensibilis
1172 3011 1229 3084 hic

162 3136 367 3225 thesaurus,
385 3150 420 3211 et
434 3137 515 3211 ideo
540 3163 615 3211 non
632 3138 852 3238 consumitur
876 3138 897 3209 h
911 3134 1034 3210 multis
1049 3134 1228 3209 effodien-

161 3259 253 3335 tium
273 3260 437 3334 manibus
447 3314 459 3351 ,
477 3258 538 3334 sed
554 3275 706 3361 augetur
722 3275 756 3335 et
778 3257 1044 3360 multiplicatur.

210 3387 255 3457 Et
274 3384 362 3484 quid
377 3384 458 3459 dieo
475 3386 520 3458 de
536 3385 630 3485 illis3
652 3386 715 3484 qui
738 3397 820 3456 ante
839 3406 908 3455 uos
926 3380 1101 3474 fuerunt,
1122 3388 1228 3485 quim

162 3505 266 3581 multi
282 3489 361 3604 post
376 3530 442 3581 nos
458 3508 586 3582 dicturi
608 3520 714 3597 sunt,
734 3532 775 3581 ac
794 3530 917 3581 rursus
940 3520 1021 3606 post
1040 3507 1121 3582 illos
1145 3506 1224 3581 alii!

161 3652 231 3704 neo
245 3642 364 3703 tamon
382 3628 547 3705 deficient
561 3632 672 3705 fontis
684 3632 723 3703 in
740 3631 888 3704 modum
902 3644 1072 3705 scatentes
1084 3630 1223 3717 divitiae

161 3778 280 3853 neque
296 3754 523 3829 metallorum
534 3757 604 3829 hoo
614 3779 729 3853 genus
747 3749 987 3828 exhaurietur.
1006 3756 1053 3830 D.
1068 3755 1225 3855 Chryso-

162 3889 298 3953 stomus
325 3879 365 3951 in
387 3878 524 3953 dietim
546 3874 871 3976 Apostaehabenaes
896 3899 1013 3978 uninn
1034 3878 1221 3974 spiritum,

162 3999 292 4079 homil·
308 4000 423 4077 tertia.
983 4005 987 4011 ’
1116 4043 1124 4051 ·
1259 4021 1261 4024 ·
