2559 4450
343 297 555 405 PRIMAE
577 297 891 404 EPISTOLAE

54 564 158 705 u.
196 557 441 705 rnuu
474 560 586 707 nn
621 553 1128 760 conturmos

226 942 229 946 .
273 863 548 949 TRIPLEX
577 861 947 954 EXPOSITIO.

217 1116 375 1181 munst.
395 1120 625 1188 PdePHRASI,
645 1119 758 1185 droun
775 1119 1026 1176 COMMENTARIO.

50 1358 1137 1432 mmmmmddmmmn

427 1660 794 1762 PRAEFATIO.

61 1855 292 1973 Conuersus,
306 1908 401 1973 mam
417 1893 638 1959 cicerototius
658 1894 783 1958 Grecis
796 1894 905 1958 lumen
921 1894 1055 1976 appellat
1067 1898 1140 1974 (pro

61 1999 139 2078 leue
159 1998 311 2073 Maudio)
332 1998 472 2079 Achaim,
493 2017 564 2080 quae
583 2015 669 2063 nunc
690 2001 794 2064 tiores
809 1999 937 2077 dicitur,
956 1999 1139 2078 metropolis

63 2107 161 2186 erat,
177 2103 301 2168 duobus
309 2104 426 2187 inclyta
437 2106 607 2187 portubus,
620 2105 707 2169 lunio
720 2107 753 2169 et
763 2106 869 2184 digaeo
880 2103 959 2167 mari
974 2103 1140 2169 imminen-

66 2209 178 2291 tibus,
190 2213 228 2273 ut
240 2209 285 2274 ait
293 2213 329 2274 D.
344 2211 600 2293 chrysostomus.

110 2320 151 2379 in
168 2316 231 2379 hoe
243 2316 474 2381 nobilissimum
491 2317 672 2398 Emporium
692 2320 728 2380 D.
752 2316 866 2381 Paulus
883 2316 1014 2381 Athonis
1033 2318 1136 2399 venit,

67 2422 181 2502 ibique
193 2420 345 2486 achristo
360 2424 492 2487 Domino
505 2421 662 2501 monitus,
679 2422 860 2505 perdecem
873 2426 906 2485 et
926 2424 999 2485 octo
1011 2440 1138 2489 menses

68 2526 375 2610 mansit,'tantoque
387 2528 560 2592 incolarum
572 2529 716 2609 pmteotu
728 2526 931 2608 Evangelium
942 2528 1136 2609 praedicavit,

70 2636 111 2694 ut
123 2633 369 2713 quamplurimos
382 2632 544 2697 adttnisti
553 2633 650 2699 fidem
663 2632 862 2700 converterit.
871 2636 981 2697 Actor.
993 2640 1041 2699 18.
1052 2634 1074 2699 l.
1088 2640 1135 2700 19.

112 2739 155 2799 nt
171 2739 339 2817 postquam
358 2736 588 2819 predicationis
603 2738 704 2819 gratia
719 2736 753 2803 in
765 2737 842 2801 alias
856 2736 998 2803 civitates
1015 2739 1048 2802 et
1064 2754 1138 2821 pro-

72 2841 193 2905 vincias
210 2844 369 2923 proiectus
384 2830 435 2905 est
452 2842 594 2906 omnium
605 2845 747 2925 gentium
763 2844 947 2927 Apostolus,
970 2842 1135 2925 Corinthii,

73 2947 148 3027 quia
160 2948 273 3013 divites
286 2950 392 3028 erant,
404 2947 521 3013 deliciis
529 2948 663 3030 assueti,
678 2953 711 3014 et
719 2948 867 3015 secularis
876 2950 1034 3031 sapientiae
1044 2949 1137 3015 nimis

74 3054 225 3135 studiosi,
248 3054 267 3119 i
286 3055 388 3137 primo
408 3057 532 3121 fervore
549 3055 658 3120 statim
671 3054 804 3137 delapsi,
829 3053 938 3121 deind
955 3056 1041 3119 falsis
1062 3074 1135 3137 apo·

75 3160 166 3224 stolis
183 3160 321 3240 seducti,
338 3159 373 3225 in
385 3164 451 3224 tam
462 3160 566 3226 varios
578 3177 717 3239 errores,
735 3163 768 3223 et
784 3163 834 3223 tot
847 3162 964 3224 abusus
981 3158 1135 3240 provoluti

76 3268 165 3348 sunt,
179 3268 217 3330 nt
229 3268 262 3331 et
274 3265 315 3330 de
325 3269 524 3329 mortuorum
533 3264 763 3328 resurreetione
777 3264 997 3329 dubitaverint.

113 3370 206 3447 Quod
214 3372 252 3435 ut
263 3370 381 3437 audivit
392 3371 521 3451 Paulus,
538 3368 770 3435 corinthiorum
781 3372 887 3450 Pater3
902 3368 970 3449 ipse
983 3370 1082 3452 enim,
1099 3375 1136 3437 ut

77 3477 134 3557 ait,
153 3494 211 3559 per
229 3476 432 3558 Evangelinm
443 3494 500 3541 eos
513 3476 637 3541 Christo
655 3478 822 3557 genuerat,
841 3474 978 3539 tiliorum
992 3475 1051 3539 sibi
1062 3478 1136 3541 cha·
1269 3558 1270 3567 ἵ

76 3583 271 3647 rissimorum
287 3583 396 3647 salutis
409 3583 478 3647 zelo
491 3594 678 3662 suooensns,
694 3580 734 3645 ad
753 3597 809 3645 eos
824 3581 905 3644 hanc
917 3580 1053 3663 priorem
1070 3583 1135 3664 opi-

78 3689 189 3753 stolam
198 3687 335 3753 maxima
343 3687 438 3753 animi
447 3686 592 3753 libertate
604 3686 729 3769 scripsit
739 3709 748 3768 3
757 3689 826 3749 turn
835 3689 872 3749 ut
880 3686 999 3750 monita
1011 3686 1134 3755 illorum

78 3792 286 3859 emendationi
293 3792 471 3859 necessaria
478 3792 586 3873 daret,
598 3796 668 3856 turn
680 3784 717 3855 ut
729 3792 952 3873 quaestionibus
967 3792 1006 3855 ab
1020 3792 1066 3857 eis
1076 3794 1134 3859 sibi
1269 3780 1270 3783 ¹

79 3897 243 3983 propositis
257 3899 463 3981 responderet
480 3898 692 3995 :scripserant
700 3896 783 3963 enirn
793 3897 833 3963 ad
844 3914 917 3963 eum
932 3898 1132 3979 ualentiores,

81 4009 113 4071 ”t
124 4008 343 4090 mtetaxcap,
358 4008 431 4080 ⁷·t.
447 4013 476 4070 1.
