2559 4450
175 271 230 330 176
474 277 679 334 EPISTOLAE
699 279 746 332 lb
763 279 944 336 ROMANOS

205 368 271 420 Cdin
302 369 379 431 igitur
403 369 504 422 diversa
527 372 667 424 babeamus
692 372 774 436 dona,
831 379 859 431 6.
887 376 1136 437 emissarium
1153 377 1241 433 dona·

121 427 131 446 '
173 441 250 500 prout
265 437 332 488 licus
349 440 486 501 unicuique
501 441 616 492 nmirum
637 454 682 504 por
701 454 774 493 suam
797 453 888 512 tione,
919 455 1074 514 secundom
1106 461 1239 527 ΝΜ,

173 503 774 638 initiationum
797 533 947 677 eppo
969 539 1012 590 ..2
1036 535 1135 604 ..n
1162 540 1240 593 ‹ro-

203 709 251 760 Cui
265 713 370 775 contigit
380 713 520 778 Prophetia
531 715 642 778 donum,
653 705 686 766 ad
699 714 774 778 expli·
831 722 893 776 Sive
899 721 1075 790 prophetiam
1082 726 1240 782 mundam

172 777 267 831 eandm
276 793 361 831 ancras
369 780 510 846 Scripturas
518 804 526 845 ;
537 797 567 835 eo
576 785 608 834 ad
617 785 714 836 bouum
725 784 774 833 Ec·
795 797 934 851 ,apionem
943 781 1052 864 fides(¹

173 846 255 900 alesin
266 848 365 899 sobrius
379 853 483 912 uiator,
497 855 570 913 juxta
578 853 691 915 regulam
704 851 772 902 lidel.

202 915 250 966 (lul
262 916 368 979 contigit
377 917 480 980 aliquod
490 921 518 970 lu
530 921 643 972 Ecclesia
656 923 773 971 ministe-
832 921 859 972 l.
873 921 936 974 Sive
943 919 1131 979 ministerium
1142 923 1174 980 itt
1187 925 1240 982 mi·

170 988 253 1048 dum,
268 1001 312 1038 seu
323 987 509 1039 ecclesiasticus
520 991 599 1052 ordo,
609 994 637 1041 in
647 991 725 1052 hujus
733 993 771 1040 sui
795 997 957 1064 nmorando,

170 1057 306 1108 ministerii
324 1057 456 1111 iunctione
477 1057 606 1122 inclusus,
625 1059 708 1112 oiilcio
726 1072 775 1122 suo·

170 1125 282 1176 modesta
294 1125 422 1188 iungatur.

200 1195 248 1259 Qui
259 1196 365 1247 docendi
375 1190 501 1249 talentum
517 1199 543 1247 et
556 1195 668 1248 officium
678 1197 771 1260 habet;
795 1203 853 1258 sive
867 1201 917 1274 qui
929 1201 1010 1260 docet
1026 1203 1056 1260 in
1071 1203 1203 1264 doctrina
1211 1227 1220 1278 5

170 1267 235 1318 oltra
248 1267 340 1316 fastum
356 1279 429 1317 suam
450 1267 609 1330 doctrinam,
629 1279 676 1318 seu
689 1267 773 1320 erudi-

169 1335 266 1386 tionem
279 1335 410 1401 largiatur.

170 1517 251 1554 uuum
263 1517 353 1554 sumus
364 1517 457 1569 corpus
470 1508 501 1560 in
516 1506 632 1569 christo,
648 1505 743 1571 singuli
755 1509 842 1558 autem
853 1517 883 1558 ox
893 1507 983 1569 nobis,
1001 1507 1046 1560 alii
1062 1509 1173 1566 altorum
1192 1532 1237 1570 su-

170 1585 228 1692 mild
238 1575 397 1695 ἓξωιιῗειῖοε
411 1657 500 1696 omnes
511 1647 612 1710 ildeles,
630 1651 703 1712 quasi
717 1647 816 1700 diversa
831 1648 962 1709 membre,
982 1651 1065 1700 varias
1080 1655 1106 1702 et
1122 1653 1237 1710 diversas

167 1711 261 1771 gratias
276 1715 301 1761 et
315 1711 459 1765 functiones
478 1715 614 1779 habentia,
628 1731 710 1783 onon
725 1719 821 1781 eorpus
831 1731 920 1768 snmus
930 1718 958 1767 in
970 1717 1067 1770 Christo
1074 1737 1085 1784 ,·
1101 1723 1196 1788 idest,
1209 1730 1234 1779 iu

168 1779 280 1832 Ecclesia
288 1800 297 1843 ς
310 1783 404 1845 singuli
417 1788 505 1836 autem
519 1787 693 1838 commembra
713 1801 821 1850 sumus,
839 1789 893 1838 aive
909 1789 1102 1842 commembres.

197 1861 355 1914 Orssuvarro
368 1877 534 1916 oocrnrnsurs
547 1881 578 1917 rr
591 1881 711 1919 uentris.
720 1893 753 1906 -
762 1870 791 1920 lu
802 1881 907 1932 corpore
921 1869 1036 1920 humano
1047 1875 1096 1923 tria
1106 1879 1185 1940 sunt,
1199 1884 1235 1930 ait

166 1931 197 1982 b.
210 1933 336 1994 Thomas,
353 1937 438 1986 unitas
448 1939 570 2000 eorporis,
581 1938 756 1989 membrorum
766 1936 914 2001 pluralitas,
929 1937 1071 1990 ciliciorum
1081 1943 1231 2000 diversitas:

166 2003 231 2053 addc
247 2007 273 2053 et
287 2004 402 2066 aptitudo
417 2008 542 2068 cujusque
554 2007 663 2057 membri
675 2009 708 2058 ad
721 2021 797 2058 sunm
811 2009 933 2058 cilicium.

198 2071 235 2121 lia
248 2074 275 2121 iu
292 2071 421 2135 Ecclesia,
432 2087 479 2125 seo
492 2087 597 2136 corpore
615 2079 725 2138 mystico
743 2077 854 2137 Christi,
866 2082 919 2138 est,
941 2080 966 2126 ιο
983 2079 1176 2147 membrorum,
1188 2102 1233 2140 ssu

166 2139 280 2190 bdelium
293 2141 430 2193 multitudo
439 2163 447 2204 ;
455 2146 483 2192 ιο
493 2146 531 2192 est
540 2147 640 2204 unitas,
653 2147 778 2194 uniuntur
787 2147 856 2196 euim
867 2144 955 2196 ildeles
965 2146 1065 2198 Christo
1076 2155 1154 2215 capiti
1168 2170 1232 2219 suo,

168 2209 287 2270 interius,
298 2221 343 2273 per
353 2209 431 2262 iidem
441 2217 467 2262 et
476 2213 584 2275 gratiam
597 2232 604 2262 s
616 2213 664 2263 sibi
676 2214 788 2264 invicem
798 2214 921 2275 exieritis,
930 2224 1159 2283 paamommann,
1173 2239 1231 2287 seu,

166 2282 196 2327 ut
208 2281 244 2327 ait
259 2278 288 2327 b.
303 2278 428 2340 Thomas,
440 2280 489 2331 ilde
506 2286 532 2333 et
546 2281 639 2332 ellectu
661 2280 792 2332 charitatis
809 2282 973 2345 spiritualiter
993 2288 1099 2337 unimur
1119 2290 1232 2344 invicem

166 2353 192 2397 at
201 2348 252 2397 lieo
268 2368 275 2399 ι
291 2361 372 2398 unum
384 2363 475 2415 corpus
487 2357 513 2402 st
524 2364 592 2402 unus
604 2352 729 2414 Spiritus,
740 2355 766 2401 ιο
777 2355 815 2401 εει
825 2351 965 2401 ciliciorum
976 2352 1125 2420 diversitas,
1136 2362 1171 2413 ad
1183 2369 1232 2413 uq.

165 2415 262 2468 litatem
274 2432 437 2471 communem
450 2422 551 2472 redacta
564 2441 571 2471 ι
588 2421 698 2483 denique
709 2424 769 2471 sunt
782 2425 807 2470 et
817 2420 922 2473 diversae
935 2425 1021 2485 gratia
1031 2430 1057 2475 et
1072 2426 1142 2481 dotes
1148 2451 1158 2493 3
1170 2446 1232 2494 qua-

165 2499 224 2535 rum
233 2487 340 2548 jamjam
353 2487 429 2537 laniet
441 2488 573 2551 Apostolus
586 2492 814 2540 enumerationem.

194 2555 259 2606 ilinc
273 2560 350 2607 restat
366 2556 589 2618 concludendum,
604 2560 778 2621 unusquisque
789 2557 872 2609 sobrii
882 2560 980 2623 sapiat,
992 2560 1088 2627 suaque
1099 2564 1231 2623 iunctione

165 2630 301 2676 contentus
313 2629 356 2677 sit.

194 2694 259 2744 ilinc
272 2697 349 2743 etiam
367 2694 627 2746 docemnracbrlsto
645 2698 728 2760 eapite
742 2701 829 2749 nostro
847 2699 978 2750 humiliter
997 2700 1159 2769 dependere,
1178 2713 1230 2771 ejus

165 2764 255 2827 spiritu
271 2765 396 2823 animari,
412 2766 461 2826 ipsi
477 2765 596 2814 omnibus
609 2779 706 2830 parere.
1026 2768 1029 2773 '

194 2832 319 2883 lioeemur
339 2837 365 2881 et
381 2846 442 2884 curn
458 2832 574 2885 fidelibus
587 2836 707 2887 omnibus
725 2836 848 2889 charitate
861 2840 997 2903 conjungi,
1017 2840 1082 2893 nulli
1100 2846 1229 2911 inridere,

164 2914 252 2952 omnes
264 2902 403 2962 adjurare:
420 2904 512 2966 singuli
528 2908 598 2956 enim
614 2908 788 2958 commembra
807 2922 904 2959 sumus.

138 3040 142 3048 ¹
194 2987 219 3034 6.
230 2986 353 3037 Habentes
362 2992 447 3037 sunm
460 2988 605 3039 donationes
615 2990 780 3041 reconditor...
789 2990 815 3039 id
824 2994 875 3051 est,
886 2990 946 3041 culm
956 2993 1041 3055 itaque
1052 2994 1154 3050 dvorsa
1164 2999 1229 3051 dona

163 3053 321 3120 babeamus,
337 3058 413 3119 prout
428 3055 495 3107 Deus
509 3058 649 3120 unicuique
666 3071 712 3121 per
730 3072 804 3109 suam
818 3064 927 3121 gratiam
941 3060 1047 3124 largitus
1057 3072 1105 3117 est.

193 3125 306 3178 Subaudi
323 3128 355 3177 iis
368 3129 472 3176 ummur
487 3126 600 3177 modesta
617 3128 651 3177 ad
666 3128 843 3190 sobrietatem,
863 3134 888 3179 et
902 3134 1073 3195 uuusquisque
1086 3138 1156 3188 iutra
1169 3138 1227 3191 don‘

163 3200 203 3248 sui
218 3199 312 3248 limites
322 3208 349 3247 se
360 3199 503 3260 contineat,
514 3196 583 3261 quod
595 3201 621 3248 et
630 3199 659 3249 in
670 3197 848 3261 sequentibus,
860 3198 894 3249 ad
904 3200 1006 3261 singula
1017 3201 1083 3255 dona
1094 3218 1153 3268 qum
1163 3222 1226 3261 unq.

162 3273 263 3331 metat,
276 3266 489 3320 subaudiendum.

192 3349 252 3398 Sive
261 3347 441 3411 prophetiam
458 3346 484 3397 ld
502 3348 600 3409 estqui
616 3346 865 3411 prophanationem
880 3352 992 3413 accepit,
1011 3353 1065 3403 sivo
1085 3353 1119 3403 nd
1141 3355 1224 3410 iarun

161 3418 337 3481 proclinando,
354 3419 409 3469 sire
430 3417 464 3467 ad
487 3416 645 3482 Scripturam
666 3416 839 3481 explicandum
849 3437 858 3479 ς
882 3420 1019 3471 secondom
1033 3423 1167 3477 rationem.
1183 3428 1222 3480 Gr.

162 3490 315 3553 analogiam.
325 3488 384 3552 syr.
397 3501 443 3551 pro
455 3486 574 3539 mensuri
585 3486 658 3549 iidei;
670 3486 697 3537 ld
713 3491 766 3549 εει,
778 3500 807 3537 eo
819 3487 887 3538 dono
896 3489 1010 3540 modesto
1019 3495 1121 3555 amiur,
1133 3508 1220 3547 seeun-

163 3555 225 3612 erm
235 3557 349 3621 regulam
358 3560 383 3606 et
395 3556 538 3619 meinaim
550 3555 609 3607 ildei
619 3574 628 3606 z
639 3557 677 3605 ita
695 3559 727 3615 ut
743 3558 840 3619 ipsius,
854 3569 898 3607 seu
914 3558 1060 3622 praedictio,
1074 3572 1119 3612 seu
1134 3566 1219 3627 pradi-

162 3630 243 3689 catio,
255 3628 289 3677 sit
301 3624 361 3675 tidei
375 3624 522 3677 conformis.

192 3712 217 3757 7.
230 3707 465 3762 sturnini-sterion
474 3709 502 3757 in
513 3707 720 3758 ministrando...
732 3706 823 3768 idest,
842 3709 886 3772 qui
899 3708 1002 3772 aliquod
1020 3712 1048 3761 lu
1059 3712 1173 3765 licolosld
1185 3730 1223 3767 re·

162 3778 231 3838 oepit
240 3778 425 3837 ministerium,
438 3788 483 3825 seu
496 3776 611 3827 ordinem
626 3774 851 3840 Ecclesiasticum,
865 3778 893 3829 iu
905 3778 983 3841 hujus
995 3780 1107 3846 ordinis,
1118 3796 1165 3837 seu
1175 3790 1223 3837 mi-

162 3847 261 3898 nisterii
277 3846 424 3907 iunctione,
434 3849 548 3895 versetur
565 3845 678 3897 modesti
695 3849 721 3895 ot
734 3844 825 3897 sobrie.

195 3914 254 3963 stoc
266 3916 311 3975 qui
323 3915 392 3964 docet
409 3912 438 3963 in
452 3914 582 3976 docmina,-
601 3914 627 3965 td
645 3918 696 3977 est,
717 3917 762 3977 qut
780 3915 904 3968 talentum
922 3917 1015 3981 babet,
1029 3923 1055 3973 et
1067 3920 1221 3979 tomitanam

164 3980 640 4055 rneprrmntmeudi,suonmero
652 3984 893 4053 mouenturquos
904 3986 1070 4045 dstudlosd‘

142 4070 155 4095 θ
204 4087 210 4099 .
