2559 4450
183 307 237 367 {52
483 307 686 366 EPISTOLAE
705 309 753 366 ln
769 302 951 364 ROlthOS

212 404 233 456 0
245 407 273 455 tu
284 441 291 466 ‚
303 405 348 468 qui
360 401 391 454 de
401 402 495 466 humo,
507 408 563 467 quis
576 419 603 457 es
614 409 626 455 e
637 408 681 467 qui
692 404 785 456 sudus
842 408 887 458 ΞΟ.
910 407 931 458 0
951 399 1053 458 homo!
1080 403 1116 455 tu
1130 396 1197 466 quis
1213 407 1252 456 es,
1274 367 1275 370 Ἴ

184 471 233 522 talc
247 473 785 537 quidcppcncrclico,etcontraeumd1s-
808 476 857 550 quq
877 481 1049 548 respondeas
1068 475 1160 530 Deo?
1178 477 1254 526 pum.
1274 509 1275 512 ,

182 543 291 603 putare?
302 544 359 602 quis
370 541 449 603 terat,
463 545 485 592 sl
499 542 596 595 luteum
609 556 655 594 vus
669 557 728 598 oum
738 555 785 592 suo
808 561 876 629 quid
890 560 958 614 dicit
969 559 1147 626 figmentum
1160 553 1201 615 eq,
1216 552 1255 616 qui

182 608 260 692 figulo
276 610 415 673 disceptet,
431 614 504 673 elque
517 613 585 662 dicct
599 633 605 662 :
621 612 672 662 Cur
688 625 730 663 mc
747 614 784 662 sic
808 651 838 689 se
859 635 938 688 finxit
962 649 970 687 3
993 631 1069 696 Quid
1092 645 1145 684 me
1175 626 1255 680 fecisti

181 676 298 728 tinxisti?
309 681 390 741 cogita
400 693 457 742 ergo
469 685 493 729 te
503 681 587 732 lutum
598 683 626 731 ln
635 695 715 732 mauu
729 680 783 743 liei,
807 713 867 767 sic?

182 749 307 809 tuumque
322 761 437 798 reverere
447 742 563 811 figulum·

213 816 342 879 Numquid
359 816 451 880 figulus
472 818 574 881 plenam
588 831 641 870 nou
661 819 736 870 hahet
756 819 783 868 ln
841 819 886 868 21.
901 816 942 868 hn
958 827 1015 866 non
1027 811 1123 865 hehet
1135 813 1256 876 potesta·

183 881 266 935 lutum
277 898 353 934 suum
365 889 529 948 potestatem,
545 891 574 936 ut
594 900 624 936 ex
637 887 725 936 eadem
736 886 790 944 luti¹
806 901 863 948 rem
881 892 980 960 figulus
1007 890 1072 953 luti,
1103 903 1143 942 ex
1165 888 1256 940 eadem

159 964 267 1026 ,naua
284 953 362 1006 iaciat
378 967 439 1006 vasu
458 967 516 1017 quas
533 956 658 1018 coluerit,
671 956 742 1006 eliud
755 959 783 1007 lu
806 985 898 1024 massa
919 969 1012 1022 facere
1037 967 1124 1020 aliud
1147 965 1257 1034 quidem

213 1151 252 1199 20.
270 1148 289 1198 0
302 1147 390 1198 homo!
404 1155 431 1198 tu
443 1149 499 1210 quis
510 1162 551 1206 cs,
565 1147 609 1210 qui
623 1149 773 1210 respondeas
784 1149 855 1198 Deo?
872 1145 995 1206 0h0m03
1009 1143 1035 1194 id
1048 1148 1109 1204 est,
1126 1142 1202 1203 dtu,
1218 1144 1254 1202 qul

182 1216 215 1268 dc
231 1218 328 1267 humo!
348 1220 423 1280 quis,-
436 1217 575 1280 quantulus
593 1229 621 1266 es
639 1224 688 1278 tu,
707 1219 752 1280 qui
774 1218 867 1270 audeas
884 1215 1035 1280 respondere
1049 1214 1126 1264 lico!
1146 1227 1211 1270 seu,
1233 1217 1255 1258 ut

182 1286 258 1337 habet
272 1287 302 1337 li.
318 1287 512 1350 chrysostomus
523 1290 548 1336 ct
561 1283 783 1349 Theophylactus‚
800 1289 844 1349 qui
861 1299 890 1336 ex
909 1285 1013 1336 adverso
1025 1281 1173 1346 respondes
1191 1280 1251 1327 Deo:

181 1354 231 1408 hoc
243 1361 296 1416 est,
310 1358 354 1418 qul
371 1357 540 1418 contradicis,
561 1358 606 1418 qui
621 1358 717 1407 resistis
732 1356 796 1418 lieo,
809 1361 834 1406 et
845 1361 933 1406 contra
944 1354 1025 1404 licum
1038 1353 1183 1418 disputas?

212 1425 275 1486 Quia
289 1426 406 1488 superbia
425 1424 505 1486 hujus
517 1428 664 1487 questionis
680 1429 718 1476 est
734 1439 819 1477 causa.
835 1426 900 1476 ilino
918 1423 1051 1487 apostolus
1069 1421 1252 1486 blasphemum

154 1504 159 1518 ¹
181 1495 312 1557 retundit,
328 1499 353 1544 1ο
368 1495 468 1558 proprie
480 1507 532 1545 suae
542 1495 647 1546 vilitatis
660 1496 770 1557 objectu.
893 1536 897 1544 .

213 1569 343 1630 Numquid
352 1568 412 1618 dicit
421 1571 567 1632 ficmentum
578 1570 601 1619 ci
612 1572 658 1632 qui
667 1585 693 1620 sc
706 1571 799 1634 fierit?
810 1572 882 1632 quasi
894 1569 988 1620 diceret
1000 1587 1007 1618 c
1019 1567 1163 1619 Hominem
1178 1570 1203 1616 te
1215 1577 1250 1613 co

182 1638 232 1701 gila
243 1657 251 1697 3
264 1636 337 1688 illum
356 1641 437 1698 cogita
454 1636 535 1688 licum
555 1642 605 1688 :te
620 1643 765 1692 creaturam
780 1644 805 1690 et
822 1639 971 1702 tigmentum
988 1640 1084 1700 cogitac
1104 1637 1183 1686 illurn
1197 1633 1250 1682 sero

182 1710 321 1756 creatorem
334 1708 359 1754 et
370 1705 475 1767 lignium
489 1710 564 1756 tuum
577 1727 583 1756 ι
599 1712 624 1759 et
640 1708 695 1758 haeo
707 1711 818 1770 cogitans
830 1712 858 1757 tu
874 1721 919 1760 vas
932 1707 1027 1768 actile,
1040 1721 1103 1756 cum
1118 1707 1172 1756 Deo
1184 1717 1247 1754 crcu-

180 1779 236 1826 tore
244 1774 352 1836 etiiqulo
360 1779 415 1837 tuo,
423 1776 522 1826 desines
531 1777 668 1840 disputare.
677 1777 804 1840 Numquid
812 1781 880 1828 enim
890 1791 935 1828 ras
945 1776 1021 1828 fictile
1029 1774 1092 1826 dicit
1104 1774 1195 1837 figulo,
1204 1778 1246 1820 ete.

211 1846 276 1896 lliuc
289 1845 410 1896 docemur
425 1847 475 1896 lieo
493 1860 541 1897 nec
558 1847 777 1910 respondendum,
800 1862 847 1898 nec
864 1849 895 1898 ab
912 1861 941 1900 eo
956 1847 1090 1910 quaerenda
1107 1848 1194 1904 ratim
1210 1841 1246 1890 sed

181 1913 226 1966 Dei
239 1917 313 1966 dictis
331 1915 488 1977 parendum,
507 1915 567 1966 licet
584 1916 686 1966 illorum
702 1921 827 1968 rationem
842 1920 1005 1979 ignoremus:
1021 1915 1146 1966 dominus
1160 1917 1211 1972 est,
1224 1915 1244 1958 et

181 1985 231 2036 hoc
247 1985 380 2049 Apostolus
393 1986 503 2036 intendit
513 1986 562 2036 hdo
578 1985 677 2048 loqueld
691 1990 717 2036 et
732 1987 909 2063 similitudine.

213 2071 253 2118 at.
265 2071 305 2118 Ao
314 2083 364 2118 ooo
377 2069 452 2118 habet
459 2075 604 2131 potestatem
615 2069 712 2130 fiqulco
724 2070 801 2119 luti...
813 2073 839 2118 20
850 2069 962 2119 retundit
973 2071 1000 2119 et
1011 2068 1192 2130 blasphemum
1204 2065 1242 2112 oh-

179 2139 249 2199 lectu
265 2141 376 2203 supremi
396 2139 517 2200 dominii,
535 2139 603 2201 quud
617 2139 682 2188 licus
699 2139 775 2189 hebet
790 2142 817 2190 in
831 2142 917 2202 emnia
936 2141 1033 2200 create,
1053 2143 1079 2186 ct
1103 2139 1174 2200 quud
1191 2137 1242 2184 iicet

180 2207 247 2259 Deus
260 2213 386 2260 exerceret
395 2209 508 2259 obsolute
522 2214 546 2260 ct
559 2222 604 2273 pro
615 2208 704 2271 hotto,
716 2210 781 2261 nulli
797 2209 891 2263 iaceret
902 2211 1037 2273 injurium,
1051 2209 1113 2271 qus
1124 2209 1242 2259 muninus

181 2281 341 2342 omnipotens
354 2283 429 2329 estet
442 2287 584 2342 supremus.
636 2336 639 2339 ,
684 2286 687 2291 “
1043 2337 1046 2344 y

211 2348 338 2416 Numquid
353 2348 444 2413 tigulus
454 2352 497 2411 jus
507 2350 612 2413 plenum
622 2354 648 2401 et
658 2354 805 2415 potestatem
817 2348 958 2400 absolutam
967 2361 1019 2399 non
1033 2348 1111 2400 habet
1124 2348 1239 2401 inlutum

181 2428 276 2471 suum:
290 2427 317 2470 ut
328 2434 358 2471 cx
370 2421 458 2471 eadem
470 2434 553 2471 massa
567 2421 643 2471 iaciat
654 2436 714 2473 vasa
725 2432 780 2485 quae
794 2420 873 2470 veliti

211 2495 290 2545 Aliud
309 2497 408 2557 quidem
424 2499 452 2547 in
466 2497 584 2547 honorem
590 2513 601 2557 ,-
618 2496 644 2545 id
664 2498 718 2555 est,
738 2496 766 2546 in
788 2508 849 2545 usus
869 2494 1041 2545 honorificoss
1058 2494 1135 2545 uliud
1146 2506 1203 2545 uero
1215 2494 1236 2539 in

180 2566 357 2615 contumeliam
369 2583 377 2618 s
391 2566 418 2615 id
434 2569 486 2624 est,
505 2568 533 2614 iu
546 2565 596 2615 vile
612 2568 638 2615 et
653 2565 782 2630 ¹abjectum
794 2566 975 2615 ministerium.

212 2635 263 2684 lldc
278 2634 347 2695 figuli
359 2639 384 2683 et
399 2634 446 2683 luti
458 2634 626 2684 similitudine
639 2640 699 2683 usu's
712 2636 749 2683 est
765 2636 856 2692 isaias.
874 2648 930 2697 cap.
943 2637 990 2693 29,
1007 2636 1044 2685 16.
1058 2638 1083 2685 et
1097 2649 1156 2699 cap.
1169 2638 1205 2695 is,
1217 2638 1236 2682 o.

180 2709 211 2753 ut
225 2704 340 2753 ostendet
353 2716 404 2751 non
420 2702 510 2752 debere
524 2704 657 2761 homines,
676 2713 734 2753 vasa
749 2703 829 2763 lutea,
842 2704 886 2755 liei
904 2704 1001 2767 opilicis
1018 2705 1058 2755 sui
1077 2705 1146 2756 tacta
1159 2717 1236 2767 reprc-

180 2770 306 2830 hendere‚
322 2772 418 2833 ipsique
431 2771 611 2822 contradicere.
629 2772 691 2823 Vide
706 2772 761 2822 loca
775 2774 861 2823 citata.

211 2839 263 2888 llic
274 2838 362 2888 eadem
373 2838 540 2889 similitudine
557 2854 619 2891 usus
635 2843 674 2889 est
685 2844 710 2889 et
720 2840 841 2891 ieremias
851 2853 907 2903 cap.
923 2842 960 2891 ts.
973 2854 1001 2891 n.
1015 2844 1040 2891 o.
1052 2840 1097 2891 sed
1115 2842 1184 2905 quod
1198 2854 1237 2889 no·

180 2907 300 2969 tandum,
314 2910 367 2971 ipse
386 2907 576 2961 ieronimus
594 2914 618 2959 et
633 2914 671 2961 lli.
683 2908 792 2960 ostendit
809 2910 877 2971 quod
888 2910 942 2959 hcc
960 2912 1115 2972 comparatio
1133 2926 1185 2963 nou
1203 2923 1235 2959 rc-

180 2977 286 3041 spondet
305 2980 332 3027 in
352 2978 469 3027 omnihus
481 2997 488 3027 c
500 2978 707 3041 quandoquidem
723 2978 788 3029 licus
807 2979 843 3028 ibl
865 2980 1028 3041 semetipsum
1046 2980 1113 3029 vasis
1130 2984 1198 3040 suis,
1214 2983 1234 3027 io

180 3050 234 3108 est,
253 3046 399 3098 hominibus
416 3047 608 3110 accommodam
622 3061 719 3111 suaque
735 3047 857 3109 consilia,
872 3047 1027 3113 hominum,
1046 3050 1091 3109 qui
1106 3054 1168 3100 sunt
1183 3063 1232 3097 ross

179 3116 270 3178 libera,
284 3118 395 3169 consiliis
405 3121 569 3183 attemperat;
585 3122 687 3183 egitque
698 3121 873 3183 poenitentlam
891 3119 922 3168 de
940 3120 1006 3169 hono
1023 3124 1068 3168 aut
1079 3120 1162 3183 malo,
1176 3119 1233 3181 quod

180 3190 247 3239 circa
259 3187 314 3237 illos
327 3189 461 3249 cogitarim
474 3191 545 3249 juna
556 3190 624 3251 quod
634 3190 751 3241 homines
760 3188 854 3238 bonam
862 3192 908 3238 eut
918 3188 1013 3237 malam
1025 3192 1104 3249 agunt
1115 3194 1233 3252 puniten-

180 3260 251 3309 tum.
268 3258 519 3310 Videtercm.c.18.
537 3272 565 3309 u.
583 3264 598 3311 8
618 3265 644 3310 ct
663 3264 700 3312 10.

209 3329 275 3381 ilinc
288 3330 425 3392 prudenter
436 3330 468 3380 li?
477 3330 566 3394 Chrys.
583 3331 703 3396 admonet
719 3330 787 3393 quod
800 3329 855 3381 haec
869 3330 1024 3391 comparatio
1041 3328 1112 3391 liguli
1125 3334 1151 3381 et
1167 3345 1232 3382 voso-

179 3411 237 3449 mm
250 3396 378 3450 luteorum
393 3413 445 3449 non
458 3399 547 3449 debeat
562 3402 588 3450 iu
604 3402 722 3451 omnihus
732 3398 874 3459 verificorl;
892 3398 934 3447 sed
946 3398 1047 3448 tantum
1058 3398 1125 3449 valet
1140 3401 1172 3450 ud
1191 3403 1233 3451 hoc

179 3467 246 3529 quhd
261 3468 337 3518 homo
353 3481 403 3518 non
422 3469 510 3519 debeut
527 3470 698 3519 contradicere
716 3468 782 3529 Deo,
801 3467 844 3517 sed
864 3468 1185 3531 elusincompreheusibili
1197 3483 1232 3519 sa-

179 3540 280 3600 pientire
295 3538 397 3597 cedere,
410 3539 500 3599 subdi,
522 3538 639 3599 obedire,
663 3542 762 3599 tacere;
780 3536 888 3586 similem
911 3534 964 3587 csse
983 3540 1020 3587 rei
1039 3538 1165 3601 inanimi,
1184 3549 1232 3603 quc

179 3605 246 3668 figuli
261 3619 353 3655 manus
369 3607 528 3667 subsequitur
542 3626 550 3655 ι
565 3608 619 3657 haec
635 3606 716 3655 multo
730 3604 810 3655 lusids
830 3606 859 3655 li.
876 3604 1076 3669 chrysostomus.

209 3674 335 3735 Quidquid
354 3686 411 3735 ergo
428 3677 496 3724 circa
515 3689 561 3725 nos
580 3676 656 3726 iaciat
673 3676 758 3737 Deus,
777 3674 857 3737 opifex
874 3678 972 3735 noster,
989 3675 1110 3735 honoret,
1129 3679 1228 3738 punist;

179 3740 299 3792 dehemus
310 3740 428 3800 adorere,
441 3742 529 3803 silere,
543 3742 627 3793 lutum
639 3746 751 3805 imitari;
770 3747 795 3792 et
807 3744 873 3793 sicut
892 3742 976 3793 lutum
987 3743 1058 3805 figuli
1072 3756 1179 3795 manum
1196 3760 1229 3796 se-

178 3811 280 3871 quitur,
294 3812 332 3858 sic
347 3812 372 3858 et
384 3809 507 3858 voluntati
521 3814 606 3861 omuia
622 3812 785 3873 gubernantis
803 3812 900 3862 cedere.

209 3878 241 3927 Et
254 3878 303 3925 hcc
315 3889 363 3926 nos
374 3876 448 3925 docet
465 3876 521 3927 hec
534 3883 688 3942 comparatio
706 3894 736 3930 ex
751 3880 881 3944 Prophetis
899 3880 1047 3945 desumpta,
1066 3884 1091 3932 et
1111 3884 1139 3933 in
1161 3898 1227 3935 sensu

178 3942 282 3997 httsrau
296 3944 432 3993 intellecta.

190 4031 193 4037 ·
210 4010 277 4063 cmc
286 4013 373 4061 autem
382 4023 416 4063 ue
425 4011 459 4063 od
467 4011 561 4077 upiilcii
569 4014 693 4068 radonem
703 4016 829 4069 extetlms
839 4016 893 4070 hec
905 4017 920 4070 a
931 4015 1008 4071 Paulo
1019 4016 1086 4071 dicta
1098 4017 1188 4085 lidus,
1199 4027 1227 4075 ait
