2559 4450
171 307 233 362 M
376 309 505 364 enim
524 307 725 364 EPISTOLAE
743 308 792 361 tn
806 305 1050 362 CORIM'UOS

179 437 1233 474 am

516 559 662 634 adeor
683 558 897 633 TERTIUM.

382 724 568 763 rtntrnntsis.
967 721 1078 759 dexans.

225 843 240 880 r
258 843 321 893 ego,
334 830 439 892 iratres,
456 830 516 880 cnm
532 843 613 880 essem
630 831 699 894 apud
711 843 774 892 ros,
797 837 825 886 1.
836 819 899 960 Er
911 828 1086 897 egestates,
1095 843 1156 882 non
1167 827 1236 896 potari

224 913 277 950 non
288 902 359 962 potui
370 903 549 950 conuenienter
561 901 693 951 vobiscum
706 901 774 962 loqui
882 907 962 962 vobis
984 907 1063 973 loqui
1081 909 1167 974 quasi
1188 909 1238 973 spi.

175 971 324 1029 russicam
344 969 533 1032 spiritualibuse
555 970 598 1050 sed
618 969 698 1020 veluti
716 982 773 1020 cum
798 983 1016 1048 ramalibus&
1028 985 1110 1049 quasi
1125 986 1238 1036 camah,

176 1037 483 1101 tarnalibue,sedadhue
496 1040 525 1088 lu
538 1037 638 1088 Christo
653 1037 774 1112 parvulis.
798 1063 860 1116 bus·
885 1067 1030 1130 Tanquam
1059 1064 1189 1128 parvulis
1216 1064 1238 1113 in

205 1219 257 1268 nc
276 1221 347 1269 robis
364 1219 505 1282 pomudum
522 1218 596 1278 dadl;
615 1231 669 1270 noa
690 1231 774 1270 escam
798 1141 929 1272 Churjsltgc’
943 1218 1026 1272 vobis
1044 1224 1147 1285 potum
1163 1219 1236 1278 dedi,
1258 1175 1259 1178 Ἴ

174 1287 282 1340 solidam
299 1288 414 1352 praebui:
431 1287 547 1338 noudum
563 1289 633 1336 enim
644 1299 700 1336 eam
711 1285 775 1336 ierre
798 1309 855 1350 „011
875 1310 967 1350 escam
989 1313 997 1350 2
1018 1297 1152 1350 noudum
1172 1298 1237 1348 enim

205 1481 266 1532 cas.
278 1483 321 1531 ill.
335 1485 359 1531 1.
371 1484 402 1530 Et
415 1496 472 1543 ego,
489 1481 610 1543 iratres...
622 1483 689 1530 sicut
700 1480 743 1530 hic
756 1479 827 1530 loeus
838 1480 870 1530 sd
881 1481 1080 1542 precedentium
1094 1481 1236 1541 intelligen-

175 1552 238 1601 tiam
249 1551 364 1609 coelem,
377 1552 415 1600 sic
425 1563 457 1599 er
466 1551 667 1612 praecedentibus
679 1553 732 1611 ipse
748 1549 841 1600 clarius
852 1550 1011 1611 intelligitur.

203 1619 266 1683 Quis
277 1622 310 1668 sit
321 1618 475 1681 spiritualis,
493 1620 642 1681 intelligitur
659 1633 689 1668 ex
705 1632 760 1681 cap.
773 1621 797 1668 2.
816 1633 843 1668 ιι.
865 1621 903 1669 15.
917 1622 974 1680 quis
987 1622 1020 1669 sit
1034 1621 1165 1681 carnalla,
1184 1634 1234 1681 par-

174 1690 252 1739 vulus
263 1693 290 1739 iu
298 1689 415 1748 Christo,
425 1702 470 1738 seu
484 1689 618 1750 animalis,
628 1702 693 1739 eru.
708 1691 746 1738 li.
758 1703 817 1739 cum
830 1689 878 1738 hoc
886 1680 1047 1750 discrimine,
1059 1691 1131 1750 qaod
1144 1693 1236 1738 aninu-

174 1759 233 1810 litas
242 1759 287 1809 hle
297 1759 495 1809 imbecillitatem
510 1762 603 1809 mentis
614 1772 645 1808 ac
656 1758 747 1819 iudicii
761 1758 879 1819 denotet5
892 1757 1027 1808 carnalitas
1045 1763 1136 1808 autem
1150 1762 1234 1808 vitium

174 1830 281 1880 aiiecttis
301 1828 405 1878 indicet.

204 1900 270 1961 Quid
282 1901 315 1948 sit
328 1898 384 1960 iac,
400 1911 445 1949 seu
459 1898 557 1949 facilior
575 1901 601 1946 et
617 1898 719 1946 suavior
740 1896 889 1946 Christianae
908 1895 1035 1958 religionis
1056 1895 1193 1955 doctrina,
1210 1908 1235 1944 er

174 1983 203 2018 ιι.
216 1972 232 2019 2
244 1973 270 2019 ct
281 1973 306 2018 7.
318 1968 350 2017 de
361 1967 520 2017 humanitate
531 1974 556 2017 et
569 1969 684 2029 passione
699 1966 792 2016 Christi
804 1985 812 2026 ;
823 1966 885 2028 quid
896 1979 953 2016 esca
962 2002 974 2026 ,
982 1977 1027 2014 seu
1038 1965 1138 2016 solidus
1151 1967 1233 2024 cibus,

173 2037 307 2089 sublimior
323 2037 456 2098 doctrina,
470 2039 610 2099 sapientia,
622 2050 651 2085 n.
663 2039 689 2084 7.

203 2110 299 2160 ilerum
310 2114 396 2160 autem
409 2123 468 2158 eum
481 2108 680 2172 praecedentibus
699 2108 821 2156 connexio
839 2106 907 2157 clara
925 2109 973 2156 est.

203 2178 297 2229 Paulus
314 2178 468 2242 supradixit
489 2177 557 2241 quod
573 2177 724 2240 sapientiam
746 2175 862 2238 loquatur
881 2177 947 2224 inter
963 2173 1103 2237 perlectos,
1122 2187 1152 2224 u.
1168 2179 1192 2224 6.
1210 2177 1232 2222 et

173 2248 241 2310 quod
252 2249 391 2312 spiritualia
408 2247 580 2311 spiritualibus
592 2245 717 2305 conferat,
729 2258 773 2294 seu
785 2244 932 2296 sublimiora
946 2242 1079 2306 perlectis,
1091 2258 1120 2294 ιι.
1137 2248 1177 2295 13.

201 2317 276 2368 Nunc
288 2317 426 2368 Corinthiis
441 2319 564 2368 rationem
575 2316 675 2373 reddit,
687 2328 732 2365 cur
745 2314 811 2364 hanc
823 2314 892 2377 apud
904 2312 961 2363 ilios
975 2315 1128 2375 sapientiam
1142 2317 1231 2363 nonsit

172 2387 292 2452 locum
308 2390 431 2438 nimirum
449 2389 509 2449 qnia
528 2386 597 2436 iliius
617 2388 750 2449 incapaces
768 2390 849 2433 erant.

202 2464 236 2512 Et
248 2477 310 2525 ego,
325 2462 431 2524 tratre,
444 2463 504 2512 cum
517 2460 585 2524 apud
598 2474 643 2510 ros
655 2473 752 2520 essem,
766 2471 818 2508 uon
832 2458 902 2519 potui
914 2459 1108 2519 convenienter,
1126 2471 1174 2508 seu
1187 2472 1230 2508 non

170 2532 283 2592 judicavi
295 2532 411 2595 expedire
422 2532 510 2592 vobis,
525 2533 596 2593 quasi
611 2530 785 2593 spiritualibus
796 2527 936 2591 spiritualia
953 2527 1082 2589 conferre,
1092 2532 1119 2577 et
1135 2533 1231 2591 sapien-

170 2602 234 2650 tiam
248 2602 314 2651 lnter
329 2615 374 2652 ros
387 2600 455 2661 loqui
466 2619 473 2660 ;
486 2598 495 2661 (
509 2612 561 2648 non
580 2601 681 2660 propter
697 2610 770 2646 suam
786 2600 937 2657 egestatem,
957 2595 999 2645 sed
1012 2601 1113 2659 propter
1131 2597 1231 2646 illorum

171 2668 408 2731 imbecillitatem),
424 2668 468 2717 sed
479 2679 581 2717 necesse
596 2666 657 2714 duxi
668 2666 756 2726 vobis,
770 2666 843 2728 quasi
862 2665 1024 2724 comtibus,
1039 2666 1066 2715 ld
1080 2670 1137 2728 est,
1151 2668 1231 2716 adhuc

171 2739 201 2786 iu
212 2736 312 2786 OErdsto
323 2737 444 2798 parvulis.

202 2820 227 2865 2.
243 2820 293 2866 tac
307 2818 407 2873 cobis...
425 2816 486 2865 dare
503 2814 661 2878 potandum
677 2826 722 2865 seu
738 2815 862 2866 elementa
877 2814 936 2865 iidei
953 2816 1103 2880 simpliciter
1114 2819 1230 2879 tradere;

171 2898 224 2934 uon
239 2898 344 2945 escam,
360 2898 405 2933 seu
423 2884 532 2933 solidum
548 2884 634 2934 cibum
654 2886 781 2947 praebere,
793 2898 869 2947 quern
884 2884 999 2935 noudum
1014 2886 1080 2936 ferre
1097 2890 1122 2935 et
1141 2902 1230 2937 conco

170 2966 248 3017 quere
259 2957 386 3017 poteratis.

200 3019 276 3085 erasi
287 3024 398 3074 diceret:
413 3024 584 3087 Temperantia
595 3030 621 3075 ct
631 3025 702 3075 vobis
712 3025 926 3075 accommodando
936 3024 984 3076 iuli
993 3024 1086 3077 Christi
1098 3026 1228 3078 decarne:

169 3098 230 3158 qaia
245 3108 302 3159 ergo
320 3095 419 3159 parvuli
435 3098 511 3145 eratis
524 3097 550 3144 iu
565 3095 677 3155 Christo,
690 3098 716 3144 et
732 3096 804 3155 quasi
823 3095 901 3143 modo
916 3097 1008 3157 geniti,
1021 3095 1060 3145 lae
1075 3098 1147 3147 oohs's
1159 3100 1228 3156 dedi,

171 3180 222 3216 nou
238 3168 338 3228 cibum;
354 3170 384 3215 ut
404 3166 516 3228 parvulis
533 3165 634 3215 locutus
651 3178 726 3224 suna,
742 3164 884 3226 simplicem
897 3164 955 3213 ildei
975 3163 1118 3216 (loctunam
1131 3169 1230 3229 simpli-

169 3240 233 3287 citer
243 3238 315 3287 vobis
324 3236 433 3297 madidi,
449 3238 599 3299 sapientiam
610 3234 685 3295 verb,
697 3246 742 3283 seu
755 3232 928 3283 sublimiorem
940 3232 1053 3294 eiusdem
1064 3233 1123 3283 ildei
1135 3235 1229 3285 doctri-

169 3319 231 3355 nam
245 3318 367 3357 uousum
380 3305 500 3355 locutuss
518 3318 570 3355 uon
587 3307 647 3365 qaia
665 3302 824 3363 nesciebant,
847 3302 890 3352 sed
911 3304 970 3364 quia
994 3316 1046 3352 uon
1064 3304 1137 3353 vobis
1156 3317 1229 3367 expe-

169 3374 275 3425 diebat:
291 3374 361 3424 illius
378 3376 448 3423 enim
467 3376 543 3424 eratis
560 3376 695 3435 incapaces
714 3391 722 3421 a
745 3370 864 3421 animalis
880 3372 954 3422 homo
969 3386 1018 3421 aon
1030 3373 1140 3436 percipit
1140 3408 1191 3424 .....
1205 3380 1229 3423 ut

169 3441 233 3492 dixit
247 3442 341 3505 supra,
354 3456 411 3505 cap.
425 3445 450 3491 2.
466 3456 494 3493 n.
507 3445 545 3492 ti.

198 3511 261 3561 dota
276 3516 302 3561 ct
316 3510 419 3561 adverte
428 3510 496 3573 quta
507 3514 640 3575 postquam
652 3510 784 3573 apostolus
796 3511 823 3560 ln
834 3509 1032 3572 precedentibus
1043 3524 1117 3563 suam
1128 3515 1155 3563 in
1167 3528 1229 3577 pra-

168 3579 278 3630 dicando
296 3580 485 3643 simplicitatem
505 3581 573 3644 apud
594 3580 738 3631 Corinthios
754 3582 835 3631 tuitus
849 3583 903 3640 est;
925 3584 949 3629 1ο
969 3582 1102 3644 quietalis
1123 3582 1173 3633 iuit
1188 3586 1227 3634 bei

167 3646 302 3708 voiumm,
313 3649 357 3709 qai
368 3648 555 3711 simplieitatem
565 3648 677 3711 praetulit
686 3647 805 3699 humanae
816 3649 961 3711 sapientia,
973 3660 1029 3712 cap.
1046 3655 1068 3699 1.
1081 3664 1108 3701 u.
1120 3652 1147 3699 21
1162 3689 1169 3711 ,
1182 3656 1227 3711 275

167 3718 197 3766 2·
210 3718 271 3777 quia
283 3716 467 3780 praelectionis
479 3730 532 3767 suar
543 3722 667 3782 materia,
682 3718 795 3779 scillcet,
806 3718 878 3768 lesus
891 3717 1023 3779 Christus,
1036 3718 1130 3781 hicque
1143 3724 1228 3769 cruci-

167 3784 249 3839 fixus.
264 3786 405 3849 simplicem
418 3787 571 3850 predicandi
587 3790 693 3839 modum
710 3788 830 3852 postulat.
846 3800 902 3851 cap.
915 3792 939 3838 2.
954 3802 981 3839 ιι.
998 3791 1027 3851 2;

198 3854 309 3901 Tertiam
326 3868 395 3903 nune
409 3856 533 3904 rationem
545 3858 630 3917 addit,
644 3870 701 3921 quae
712 3858 822 3909 Paulinae
837 3858 1022 3921 predicationis
1038 3858 1226 3921 simplicitatem

167 3925 204 3973 tta
224 3919 362 3979 tuetldcat.
377 3929 405 3971 ut
422 3926 447 3970 et
467 3922 656 3977 Corinthiorum
675 3926 852 3992 supercilium,
872 3928 903 3977 cb
921 3928 1071 3991 sapiendam
1087 3928 1226 3981 secularem

168 3990 523 4055 mmmm

424 4100 430 4107 ι
