2559 4450
288 246 515 317 OPERISQUB
535 251 660 310 serlo
680 252 730 310 El!
749 246 928 311 OCCASIOJ
1055 259 1058 264 '
1104 250 1137 313 d

5 425 6 428 Ἴ
60 340 146 423 pitis
163 340 318 425 analysim
335 347 458 426 lacere,
478 346 513 412 in
532 365 594 428 qua
607 349 695 414 velut
708 348 744 413 in
763 349 911 430 speculo,
932 345 1011 415 mihi
1026 349 1136 416 statim

62 445 274 511 exhiberetur
292 449 372 514 ordo
393 455 427 514 et
449 453 605 516 connexio
624 455 735 518 textus
756 453 943 536 Apostolici3
970 452 1089 519 deinde
1101 457 1137 522 et

61 551 238 632 quamdam
259 555 350 634 quasi
368 556 603 638 paraphrasim,
622 574 669 621 ex
685 557 828 640 ipsismet
849 559 991 642 Apostoli
1014 560 1137 640 verbis,

60 655 223 737 quantdm
230 659 339 740 potui,
352 660 460 742 paucis
469 659 592 730 tantum
605 663 647 726 ad
653 663 893 730 elucidationem
907 663 1037 746 additis,
1051 682 1137 733 com·

59 779 206 846 ponere3
221 781 290 846 quae
303 764 380 828 mihi
392 769 533 831 mentem
545 765 629 831 illius
642 767 777 832 fideliter
790 773 974 850 exponeret.

101 889 156 955 Sic
167 908 245 972 ergo
255 892 371 974 triplex
382 892 460 956 mihi
470 891 536 958 lere
548 892 736 975 incogitanti
748 897 822 959 nata
831 897 882 960 est
893 898 1135 978 apostolicarum

61 997 278 1078 Epistularum
296 998 479 1080 Exposilio,
498 1017 555 1080 per
566 998 743 1080 Analysim,
760 1000 977 1082 Paraphrasim
992 1006 1026 1066 et
1040 1007 1136 1068 som-

60 1103 276 1184 mentarium3
298 1119 371 1166 cum
391 1103 453 1166 hoo
478 1103 675 1183 discrimine,
702 1107 739 1168 ut
758 1121 829 1186 quae
852 1102 904 1170 hic
928 1107 1038 1170 ordine
1059 1111 1135 1172 sunt

62 1208 206 1289 priores,
226 1212 421 1273 natutamen
439 1208 502 1272 sint
514 1210 719 1290 posteriores.
732 1210 875 1292 Analysis
888 1215 922 1276 et
933 1213 1133 1294 Puraphrasis

62 1317 137 1396 post
145 1315 414 1379 commentarium
421 1313 620 1396 prodierunt3
631 1315 886 1380 illinihilominus
896 1322 1136 1398 preponuntur,

5 1421 6 1434 ¹
62 1419 141 1499 quia
153 1421 257 1484 lacem
266 1433 463 1499 unaqueque
473 1421 640 1484 suomodo
652 1423 778 1502 praefert
790 1420 831 1485 a'd
843 1421 1015 1485 faciliorem
1023 1424 1056 1489 et
1069 1424 1133 1504 ple-

62 1525 295 1590 nioremtotius
305 1523 416 1606 capitis
423 1523 681 1608 intelligentiam
692 1525 838 1608 Analpsis
849 1526 1004 1591 exhibens
1012 1530 1129 1608 partes,

63 1631 212 1696 ordinem
223 1633 257 1696 ot
269 1629 501 1695 connexionem
511 1631 621 1701 textas
633 1633 853 1715 ,Paraphrasis
866 1628 1013 1698 mentem*
1019 1636 1053 1697 et
1061 1651 1132 1698 sen-

64 1751 137 1802 sum
150 1735 264 1800 litterae
276 1735 454 1816 propiorem
466 1736 603 1801 breviter
616 1753 795 1819 exponens,
809 1737 910 1804 donec
922 1737 957 1802 in
968 1732 1131 1804 commen

63 1841 146 1906 tario
162 1842 221 1904 lux
234 1841 327 1922 plena
342 1840 443 1905 detur.

103 1965 218 2048 Ponti,
248 1968 330 2031 circa
355 1965 509 2047 triplicem
527 1969 610 2033 hanc
627 1967 864 2052 Expositionem
880 1967 989 2050 paucis
1009 1966 1129 2034 adnoto

67 2075 157 2156 quale
169 2087 279 2136 meum
290 2072 389 2178 *luerit
403 2073 554 2138 studium.

103 2196 140 2257 ln
152 2188 280 2273 Analysi
295 2189 436 2283 facienda
448 2191 570 2273 curavi,
585 2193 622 2255 ut
633 2190 708 2259 vend
721 2194 753 2257 et
766 2189 853 2256 mord
863 2194 950 2256 esset
966 2191 1126 2273 Analysis,

67 2314 122 2363 seu
132 2294 286 2361 resolutio
305 2296 414 2376 capit1s
435 2295 468 2359 in
481 2314 555 2359 suas
574 2302 699 2377 partes,
718 2314 827 2361 earum
847 2295 990 2360 ordinem
1004 2299 1039 2359 et
1051 2313 1129 2360 oon-

66 2404 236 2469 nexionem
267 2400 448 2481 simpliciter
471 2399 659 2480 declarans,
687 2416 754 2463 non
779 2398 856 2465 vend
881 2399 1128 2466 Commentarius
1157 2406 1167 2423 ⁶

67 2512 164 2588 foret,
177 2510 232 2570 aut
245 2502 321 2586 quid
333 2504 554 2569 commentarii
566 2504 668 2568 vicem
679 2506 804 2568 tenens.

104 2638 140 2699 ln
152 2629 339 2714 Paraphrasi
354 2629 494 2695 texenda
510 2626 605 2695 vitavi
618 2647 659 2693 ne
675 2630 766 2711 plura
778 2628 916 2694 dicerem
932 2625 1027 2711 quim
1039 2630 1127 2711 cogi-

67 2740 177 2805 taverit
189 2736 375 2820 Apostolus,
387 2735 461 2799 hinc
473 2734 555 2797 illius
566 2738 706 2801 mentem
714 2734 851 2799 breviter
864 2737 896 2799 et
909 2734 993 2800 elne
1004 2736 1125 2817 aperui,

67 2844 160 2929 ipsius
173 2842 316 2925 Apostoli
332 2840 455 2920 verbis,
470 2843 525 2903 aut
538 2840 651 2904 saltem
665 2838 938 2920 aeqrdvalentibus,
952 2841 1061 2922 paucis
1075 2840 1128 2905 ali

69 2952 189 3034 quando
200 2946 324 3013 tantdm
338 2934 471 3027 additis,
487 2946 527 3011 ad
539 2944 711 3028 pleniorem
722 2945 838 3010 mentis
851 2946 934 3011 illius
951 2946 1127 3029 intelligcn·

68 3058 140 3121 tiam
148 3052 347 3121 necessariis.

104 3180 139 3239 ln
151 3171 384 3239 commentario
393 3154 512 3237 attendi
524 3186 566 3234 ne
576 3170 664 3235 tricis
674 3169 970 3252 grammaticalibus,
980 3174 1034 3235 aut
1045 3187 1127 3253 que·

70 3278 219 3343 stionibus
237 3273 324 3343 mere
340 3275 471 3340 curiosis
486 3274 608 3341 animus
622 3273 791 3341 distractus
805 3274 1032 3358 exsiccaretur3
1053 3278 1127 3342 hinc

69 3404 118 3450 eas
128 3379 195 3448 non
207 3380 302 3449 vitavi
314 3380 459 3461 lentim,
474 3381 574 3445 sedet
587 3378 703 3460 ubique
716 3379 954 3444 observationes
964 3380 1048 3462 pias,
1061 3397 1128 3445 mo·

69 3493 146 3557 rales
159 3494 192 3555 et
205 3488 355 3553 asceticus
367 3486 498 3566 miscui,
513 3494 586 3550 cum
598 3485 748 3568 praxinus
762 3484 956 3567 christianis,
970 3503 1040 3567 quse
1058 3486 1127 3570 pie·

69 3602 163 3663 tatem
175 3592 401 3673 accenderent,
416 3596 568 3677 augerent
581 3596 613 3657 ct
622 3592 790 3657 nutrirent.

105 3728 152 3787 ln
174 3736 340 3787 successus
362 3719 515 3785 voluntati
539 3718 744 3799 respondeat,
766 3710 863 3801 penes
883 3718 1041 3783 eruditum
1062 3721 1126 3785 lec-

71 3833 167 3893 torem
176 3828 219 3891 sit
226 3826 398 3907 judicium,
410 3823 443 3889 in
452 3825 514 3889 hoc
525 3822 621 3888 etiam
633 3821 817 3903 laudabilis,
830 3827 866 3887 ut
875 3829 968 3905 puto,
979 3828 1122 3908 conatos,

71 3933 123 4019 psl
132 3934 239 4006 lorsau
251 3930 320 4015 allis
335 3946 446 4001 msam
457 3928 544 4025 deluit
558 3924 679 3995 lelicids
694 3924 867 4007 laborandi.
887 4004 892 4011 ,
