2559 4450
263 274 434 334 initiat
451 271 672 337 axiosmto.
693 274 773 336 CIII.
793 278 876 338 IIIII.
1044 277 1098 338 182

24 505 1092 540 umfflfflumewmomomuommommnmomomomss

105 701 374 788 ANALYSIS
393 702 602 786 CAPITIS
622 703 810 786 DECIMI
827 703 1020 786 TERTII.

24 1068 79 1165 Aa
90 1109 199 1166 Ethiea
211 1107 310 1164 &auoit
318 1108 466 1176 Apostolus
477 1107 513 1161 ad
525 1107 674 1174 politicam.

57 1195 176 1249 asserit
185 1208 254 1261 ergo
269 1192 440 1246 christianos
454 1191 629 1258 Principibus
647 1197 674 1245 et
689 1190 819 1246 omnibus
838 1191 949 1260 publici
963 1189 1095 1258 dignitate

22 1279 161 1345 praeditis
169 1275 354 1330 obedientiam
361 1275 463 1328 debere
475 1291 482 1326 z
492 1274 601 1340 primo,
612 1275 678 1342 quia
687 1274 767 1329 ibeo
777 1282 819 1330 est
828 1277 951 1330 instituta
960 1280 1092 1342 potestas,

24 1371 49 1414 et
66 1358 224 1428 potestatis
240 1359 367 1413 ordinata
385 1357 526 1410 distinctio
532 1375 541 1423 ;
556 1357 696 1422 seeundo,
715 1359 781 1425 quia
795 1358 831 1411 ad
849 1358 955 1411 bonum
968 1363 1094 1412 nostrum

23 1447 161 1498 Instituta
177 1449 205 1498 et
220 1443 358 1508 ordinata,
376 1448 408 1495 ut
424 1441 528 1494 scilicet
551 1441 730 1506 improbitate
748 1443 880 1508 coerciti,
902 1441 988 1495 tutibs
1004 1443 1095 1494 vivant

24 1529 108 1595 boni3
122 1527 226 1592 tertio,
240 1526 306 1593 quia
323 1525 466 1592 Piincipes
477 1531 505 1577 et
514 1525 688 1592 Magistratus
705 1531 770 1578 simi
785 1526 814 1578 in
827 1525 881 1579 boo
893 1525 943 1578 Dei
954 1525 1070 1579 Ministii
1086 1543 1092 1578 :
1172 1571 1175 1578 .

24 1613 90 1664 hinc
102 1611 194 1665 insert
206 1610 282 1679 quod
294 1610 336 1662 eis
345 1607 499 1676 parendum
508 1619 555 1673 sit,
570 1609 654 1662 etiam
665 1610 695 1662 in
704 1609 887 1678 conscientia,
902 1613 930 1664 ei
940 1611 981 1663 eis
991 1609 1093 1664 tributa

26 1698 80 1748 sint
97 1695 255 1760 solvenda,
266 1693 383 1760 aprimo
395 1705 478 1746 versu
490 1690 526 1744 ad
535 1691 693 1758 septimum.

59 1781 88 1847 i.
99 1783 132 1834 8.
145 1779 229 1832 Redit
241 1779 280 1833 ad
290 1777 451 1830 charitatem
463 1775 594 1828 omnibus
605 1776 742 1844 debitam,
761 1775 796 1832 de
807 1769 864 1846 'qua
879 1775 972 1846 Capite
984 1773 1093 1831 duode-

26 1865 100 1916 cimo
110 1863 176 1930 jam
186 1863 272 1916 malta
280 1860 365 1925 dixit3
378 1865 406 1912 et
416 1859 454 1911 ad
465 1871 528 1913 eam
538 1871 638 1913 omnes
649 1861 763 1926 excitat,
777 1875 903 1917 astetens
914 1859 992 1930 quod
1002 1865 1043 1914 esi
1051 1861 1093 1913 lo-

30 1949 68 2012 gis
79 1946 245 2015 plenitudo,
257 1945 284 2014 i.
296 1947 327 2009 9,
343 1946 389 1996 io.

60 2031 195 2097 Denique
206 2030 234 2098 i.
246 2031 280 2080 tt
292 2033 320 2080 ei
332 2027 513 2094 sequentibus
528 2023 622 2079 fideles
631 2027 823 2079 somnolentos
832 2026 932 2078 excitat
944 2030 1091 2092 prospectu

30 2115 141 2180 saiutis;
156 2117 292 2180 urgetque
303 2116 351 2176 at,
369 2109 484 2176 abiectis
502 2110 678 2162 tenebrarum
694 2108 838 2175 operibus,
858 2113 1000 2161 assumant
1016 2119 1091 2160 amaa

30 2199 117 2268 iuois,
132 2203 165 2255 at
175 2195 265 2253 exutis
274 2194 364 2265 vitiis,
375 2192 649 2275 induantbomipum
659 2193 755 2248 Jesum
769 2191 918 2253 Christum.
