2559 4450
244 294 415 355 innituit
432 294 659 352 uxaosintd.
678 293 762 354 din.
780 292 861 349 xit.
1031 290 1084 348 ist

16 398 86 452 Sive
98 394 188 463 ubit,
201 395 261 451 sive
274 395 395 461 cithara,
520 392 576 443 Sive
587 392 648 443 tibia
658 394 691 442 sit
702 390 786 442 etalio
793 388 1013 452 hulduminum
1022 386 1086 440 llatu

488 464 623 521 resonant,
638 462 693 510 slve
716 460 814 511 cithara
831 462 857 509 et
873 458 922 510 alla
944 470 1001 521 qum
1014 460 1086 509 tactu

489 528 621 591 pulsantur
633 533 660 578 et
671 533 763 578 sonant
776 546 783 577 t

16 603 76 654 Nisi
97 600 307 655 distinctionem
324 597 467 653 sonituum
519 597 808 648 iiaecomniasitantum
816 596 1087 661 sonent,etdlstinctos

16 678 169 741 dederint,
226 678 229 688 '
489 678 541 717 non
555 666 671 715 dederint
683 679 774 728 soucs;

16 752 171 817 Quomodo
183 752 285 806 scietur
296 750 325 805 id
339 748 416 819 quod
425 763 468 803 ca·
520 750 585 811 Quid
603 748 758 813 proderunt,
775 748 836 799 crim
856 719 944 800 nuilus
968 751 1087 812 agnoscat

16 836 109 893 iiilui',
124 836 172 884 aui
185 830 260 897 quod
272 828 467 882 citharizatur?
489 821 549 885 quid
561 824 606 870 aut
620 820 697 881 tibia,
709 823 756 869 dul
768 819 864 869 nithard
877 823 995 870 canitur?

56 915 86 963 8.
101 909 212 961 Etenim
225 908 248 961 si
260 908 394 962 incertam
416 922 467 961 ro·
520 906 640 959 Similiter
656 911 682 956 at
694 906 773 967 tuba;
786 917 842 967 quaa
852 918 901 955 vox
918 906 1033 968 quedam
1048 909 1087 957 est
1112 938 1118 943 .

18 1003 85 1042 cern
98 987 147 1039 det
159 986 236 1054 taba,
244 986 307 1053 quis
316 984 426 1053 parabit
437 998 468 1037 se
489 978 603 1043 publica,
614 978 636 1027 si
647 977 760 1026 sonitum
773 974 907 1024 contusum
920 977 945 1024 et
955 975 1087 1025 indistinc-

19 1067 59 1119 ad
81 1064 209 1117 henum?
489 1054 545 1099 tum
565 1046 676 1106 deder1t,
689 1045 747 1107 quis
766 1043 839 1094 miles
857 1043 889 1093 ad
905 1056 1016 1107 pugnam
1033 1056 1087 1095 sess

57 1174 87 1223 9·
104 1174 146 1223 Ῑῑῧ
166 1174 326 1237 0¹V081³0l
345 1170 466 1238 finium
490 1116 686 1245 prglpairglrffirrizti
694 1192 739 1231 ros
747 1179 839 1242 linguis
847 1178 978 1242 loquentes
986 1155 1087 1241 ignotis,

18 1249 80 1299 nisi
110 1248 286 1303 manifestum
311 1262 467 1303 sermonem
491 1256 539 1305 nisi
555 1265 599 1316 per
620 1253 853 1314 interpretationem
873 1261 1015 1299 sermenem
1031 1262 1088 1299 res-

18 1324 174 1389 dederitis3
199 1325 341 1391 quomodo
367 1324 469 1377 scietur
490 1326 559 1370 trum
570 1320 680 1370 reddatis
693 1316 1088 1379 intelligibilem3quomodccuis
1192 1342 1198 1353 ·

18 1403 48 1454 jd
67 1398 150 1466 quod
161 1400 283 1455 dicitur-i
295 1400 371 1455 ernis
394 1401 467 1455 enim
490 1392 611 1454 percipiet
623 1386 692 1451 quod
705 1386 806 1437 dicitis?
817 1386 878 1437 sana
889 1398 978 1437 rocem
989 1388 1018 1437 in
1029 1400 1088 1439 aere

19 1481 50 1531 in
68 1480 303 1545 aeffipoquenoes·
328 1520 332 1529 1
491 1460 606 1524 spargitis
622 1456 759 1517 inutiliter,
771 1455 837 1505 nihil
851 1454 980 1519 proficitis.

57 1559 107 1608 to.
131 1559 198 1609 'iam
221 1558 325 1623 muita,
347 1562 379 1611 ut
402 1558 469 1627 purg
520 1550 553 1601 lli
569 1546 657 1600 reveri
673 1550 726 1597 tam
744 1545 825 1597 multa
841 1549 866 1595 ct
881 1548 1016 1595 tamraria
1028 1548 1089 1596 sunt

22 1634 294 1702 generalinguamm
304 1640 368 1687 sum
376 1636 405 1687 ῑῃ
414 1636 469 1689 hoc
492 1622 640 1671 idiomatum
653 1630 743 1680 genera
754 1620 782 1667 in
793 1616 905 1667 mundo:
916 1616 987 1667 nulia
997 1619 1089 1681 qnippe

21 1699 184 1767 mummi-02
193 1712 259 1766 nihil
268 1713 329 1767 sine
339 1726 409 1765 voce
414 1720 468 1771 est·
492 1692 562 1739 natio
574 1690 629 1739 sinc
636 1699 682 1737 suo
693 1686 813 1737 idiomate
823 1688 933 1750 propria.

23 1910 151 1962 ilamdem
163 1922 216 1960 rem
235 1908 340 1971 eleganti
357 1896 467 1959 illustrat
487 1906 666 1969 similitudine,
678 1905 754 1957 ducit
770 1906 802 1957 ab
823 1907 1016 1969 instrumentis,
1033 1915 1089 1971 qun

23 1985 90 2032 sunt
101 1979 217 2043 qondam
232 1978 376 2031 artificiales
389 1982 414 2029 at
424 1978 519 2030 ilctitiae
530 1978 631 2041 lingua.

61 2058 171 2114 Tamen,
182 2053 209 2104 id
220 2058 274 2115 est,
287 2057 350 2118 quin
371 2056 457 2105 etiam.
473 2054 536 2103 iiam
551 2056 579 2102 et
593 2054 776 2114 instrumenta,
787 2050 889 2115 animi,
901 2063 1026 2115 sensuque
1044 2063 1089 2102 ca·

22 2130 111 2179 reatin
121 2163 128 2187 ,
140 2138 196 2187 qua
207 2138 298 2176 sonum
308 2131 395 2177 tamen
409 2125 519 2177 reddunt
531 2126 586 2173 voci
601 2122 731 2196 similem.¹

57 2203 120 2254 Siue
135 2200 214 2260 tibio,
224 2203 249 2251 et
259 2199 308 2260 ulia
321 2213 377 2264 qum
389 2202 451 2254 flatu
467 2199 600 2264 pulsantur
612 2202 637 2248 et
650 2201 750 2248 sonant.

58 2279 120 2327 Sive
136 2275 249 2336 cithara,
259 2280 286 2326 et
299 2276 348 2327 alia
360 2275 506 2338 hujusmodi
519 2285 574 2337 quae
585 2275 655 2324 tactu
668 2272 802 2336 pulsantur
812 2275 837 2324 et
847 2275 974 2324 resonant.

56 2349 134 2408 iiaec,
150 2348 254 2414 inquam
266 2384 273 2409 ,
284 2350 309 2398 et
321 2345 384 2409 alia,
400 2347 450 2396 nisi
467 2345 598 2396 distinctos
611 2355 687 2394 sonos
697 2342 829 2404 dederint,
839 2356 890 2393 non
903 2346 1052 2406 agnoscetur
1063 2339 1089 2394 id

23 2419 95 2482 quod
113 2419 159 2468 aut
172 2417 252 2478 tibia,
266 2422 312 2468 ant
326 2416 423 2468 cithari
436 2417 546 2466 canitur.

57 2513 83 2557 8.
98 2507 197 2558 Etenim
216 2507 240 2558 si
256 2507 406 2558 incertam...
420 2505 540 2556 Similiter
551 2507 572 2555 si
583 2504 662 2565 tuba,
675 2515 731 2565 cun
741 2502 843 2566 publica
860 2502 975 2564 quadam
988 2515 1036 2554 ror
1052 2508 1090 2555 est

25 2583 52 2627 rt
66 2577 168 2638 lingua,
179 2575 290 2627 sonitum
301 2575 434 2627 contusum
447 2578 473 2624 ct
483 2573 658 2625 indistinctum
667 2572 772 2635 dederit,
779 2575 835 2634 quis
843 2571 916 2624 miles
926 2572 959 2622 ad
969 2585 1088 2636 prignam,

25 2650 73 2696 ant
88 2645 121 2693 ad
136 2648 265 2708 receptum
277 2657 304 2694 se
313 2644 482 2709 prmparariti

58 2716 132 2766 Alius
147 2715 239 2779 quippe
248 2727 326 2764 sonus
337 2714 370 2764 ad
381 2725 492 2777 pugnam
506 2713 613 2775 exaltat,
624 2711 690 2762 alius
702 2709 733 2762 de
743 2709 844 2789 'recessu
860 2713 956 2764 monet.

59 2805 139 2854 9.1tc
153 2809 175 2852 et
195 2817 269 2854 oce...
281 2801 367 2866 lingui
380 2802 476 2853 scilicet
494 2800 625 2864 peregrini
640 2800 787 2863 loquentes,
800 2800 850 2850 etei
862 2800 1022 2866 manifestum
1036 2817 1090 2856 ter-

25 2887 158 2924 monem...
169 2872 195 2924 id
207 2876 261 2934 esi,
269 2874 318 2924 nisi
329 2884 374 2936 per
387 2873 636 2936 interpretationem,
648 2874 760 2921 vestrum
772 2883 914 2922 sennonem
930 2873 1039 2925 reddatis
1050 2878 1091 2926 lu-

26 2941 202 3005 teiiigibilem;
213 2941 377 3004 quomodoab
389 2941 446 2992 aliis
456 2941 630 3004 intelligemini
640 2945 652 2991 l
662 2941 722 2992 sane
734 2954 823 2992 rocem
833 2945 903 2993 eritis
912 2945 939 2993 in
949 2957 1007 2996 aera
1023 2957 1091 3010 spar-

26 3018 133 3076 gentes3
146 3011 270 3061 inutiliter
280 3009 437 3080 loquemini,
452 3011 566 3074 nihilque
576 3011 722 3076 proficietis.

60 3083 127 3142 Quot
140 3079 215 3130 hodie
229 3082 256 3131 ln
275 3093 333 3130 aera
345 3079 491 3142 loquentes,
501 3082 561 3142 qaia
580 3081 735 3140 loquuntur,
746 3092 798 3144 non
809 3081 839 3128 ut
851 3079 883 3128 ab
894 3079 1041 3132 hominibus
1050 3083 1091 3133 in·

27 3148 189 3210 mitigantur,
201 3149 348 3210 cunctisque
361 3147 493 3211 proliciunt
501 3167 509 3210 3
528 3147 572 3198 sed
589 3152 618 3198 ut
628 3147 709 3208 docti,
721 3146 841 3196 sublimes
851 3146 1003 3210 rideantur,
1018 3152 1045 3199 et
1062 3154 1091 3203 ut

28 3221 108 3278 tales,
121 3216 281 3268 admirationi
292 3217 442 3269 habeantur.

61 3291 93 3339 iii
107 3292 208 3350 tempus
220 3291 323 3350 tornat,
336 3287 414 3339 otiose
424 3287 579 3350 loquuntur,
595 3286 715 3351 pietatem
734 3283 835 3336 lucrum
846 3285 1004 3350 putant;llei
1018 3285 1092 3347 donis

30 3364 55 3409 ot
69 3356 215 3407 auditorum
233 3358 284 3407 otio
299 3360 325 3407 et
342 3355 464 3420 patientie
479 3355 618 3406 abutuntur
633 3374 640 3404 r
656 3355 795 3406 uanitatem
806 3367 879 3405 suam
894 3358 993 3407 aterna
1004 3369 1057 3409 suae
1066 3362 1092 3410 et

29 3428 178 3479 ariditomm
188 3423 263 3476 saluti
276 3425 420 3490 praiarunt.

63 3497 130 3557 Quot
141 3497 168 3544 in
187 3507 237 3544 uno
250 3493 360 3545 facinore
370 3496 468 3545 reatus!
614 3541 617 3546 .

62 3566 96 3614 Ut
110 3563 167 3613 illos
185 3565 248 3613 vitet
261 3564 368 3626 lloctor,
383 3573 504 3625 suamque
519 3559 686 3626 multiplicem
707 3559 896 3610 damnationem
913 3560 1048 3624 :loquatur
1062 3564 1091 3617 ui

31 3634 189 3686 auditoribus
207 3633 337 3696 proficiat,
357 3632 462 3695 ideoque
479 3631 579 3683 studeat
597 3635 613 3682 a
631 3633 730 3682 eunctis
743 3629 861 3692 intelligi,
873 3629 994 3681 emnium
1006 3632 1091 3694 captui

32 3718 89 3758 seso
105 3703 300 3754 accommodans
312 3741 319 3765 ,
331 3703 404 3754 utilia
416 3740 424 3764 ‚
437 3701 599 3752 aedificatoria
612 3739 621 3764 ,
636 3699 795 3752 familiariter
807 3703 833 3748 et
842 3699 909 3750 clare
920 3699 1045 3762 loquatur.

67 3799 105 3844 10.
121 3793 182 3842 Tam
194 3789 277 3842 multo
289 3797 319 3842 at
333 3791 425 3856 pntd...

64 3862 196 3912 Rationem
211 3860 254 3927 dat
268 3861 299 3928 ab
314 3873 391 3924 qaam
410 3859 533 3912 inutiliter
546 3851 745 3923 loquantur,'at
761 3854 840 3923 patd,
861 3859 968 3919 etenim,
982 3869 1092 3926 nempe,

34 3934 130 3986 reveri.
147 3929 208 3982 Tam
218 3931 300 3982 multa
315 3939 373 3982 sunt
392 3928 562 3996 iicpucmm,‘
571 3937 615 3980 seu
628 3928 779 3979 idiomatum
798 3941 888 3992 msera
901 3928 930 3980 io
944 3928 1051 3994 mundo,
1070 3935 1093 3992 et

36 4003 114 4068 otiati,
127 3999 153 4053 id
165 4005 218 4076 cst,
228 3999 299 4072 nnita
312 4014 372 4064 gens
383 4004 438 4068 stae
448 4013 524 4068 roce,
536 4002 590 4054 sine
605 4012 652 4052 suo
662 3999 781 4063 idiomate
792 3999 902 4066 proprio.
938 3996 942 4007 '
1074 4000 1078 4005 ’
