<?xml version="1.0" encoding="UTF-8"?>
<!DOCTYPE html PUBLIC "-//W3C//DTD XHTML 1.0 Transitional//EN"
    "http://www.w3.org/TR/xhtml1/DTD/xhtml1-transitional.dtd">
<html xmlns="http://www.w3.org/1999/xhtml" xml:lang="en" lang="en">
 <head>
  <title>
</title>
<meta http-equiv="Content-Type" content="text/html;charset=utf-8" />
  <meta name='ocr-system' content='tesseract 3.04.00' />
  <meta name='ocr-capabilities' content='ocr_page ocr_carea ocr_par ocr_line ocrx_word'/>
</head>
<body>
  <div class='ocr_page' id='page_1' title='image "./epistolarumbpau03berngoog_0384.png"; bbox 0 0 2559 4450; ppageno 0'>
   <div class='ocr_carea' id='block_1_1' title="bbox 294 337 1115 412">
    <p class='ocr_par' dir='ltr' id='par_1_1' title="bbox 238 337 1115 412">
     <span class='ocr_line' id='line_1_1' title="bbox 294 337 1115 412; baseline -0.009 -11.511"><span class='ocrx_word' id='word_1_1' title='bbox 294 337 464 403; x_wconf 68' lang='lat' dir='ltr'><strong>lhlnnnx</strong></span> <span class='ocrx_word' id='word_1_2' title='bbox 482 340 704 409; x_wconf 61' lang='lat' dir='ltr'><strong>Expostulo.</strong></span> <span class='ocrx_word' id='word_1_3' title='bbox 724 344 807 412; x_wconf 69' lang='lat' dir='ltr'><strong>cin.</strong></span> <span class='ocrx_word' id='word_1_4' title='bbox 827 346 862 397; x_wconf 76' lang='lat' dir='ltr'><strong>X.</strong></span> <span class='ocrx_word' id='word_1_5' title='bbox 888 368 919 391; x_wconf 70' lang='grc' dir='ltr'><strong>·ι</strong></span> <span class='ocrx_word' id='word_1_6' title='bbox 1059 347 1115 406; x_wconf 66' lang='lat'><strong>565</strong></span> 
     </span>
    </p>
   </div>
   <div class='ocr_carea' id='block_1_2' title="bbox 17 432 1114 801">
    <p class='ocr_par' dir='ltr' id='par_1_2' title="bbox 17 432 1114 679">
     <span class='ocr_line' id='line_1_2' title="bbox 35 432 1113 509; baseline 0.007 -26"><span class='ocrx_word' id='word_1_7' title='bbox 35 435 89 484; x_wconf 76' lang='lat'><strong>51.</strong></span> <span class='ocrx_word' id='word_1_8' title='bbox 109 432 198 496; x_wconf 78' lang='lat' dir='ltr'><strong>Sive</strong></span> <span class='ocrx_word' id='word_1_9' title='bbox 215 446 283 503; x_wconf 69' lang='lat' dir='ltr'><strong>crgo</strong></span> <span class='ocrx_word' id='word_1_10' title='bbox 298 436 487 501; x_wconf 80' lang='lat' dir='ltr'><strong>manducatis,</strong></span> <span class='ocrx_word' id='word_1_11' title='bbox 543 436 600 487; x_wconf 86' lang='lat' dir='ltr'><strong>Slva</strong></span> <span class='ocrx_word' id='word_1_12' title='bbox 614 449 674 500; x_wconf 84' lang='lat' dir='ltr'><strong>crgo</strong></span> <span class='ocrx_word' id='word_1_13' title='bbox 690 438 1113 509; x_wconf 75' lang='lat' dir='ltr'><strong>edatis,s1rabihatls,alvaquld</strong></span> 
     </span>
     <span class='ocr_line' id='line_1_3' title="bbox 17 503 1114 587; baseline 0.018 -28"><span class='ocrx_word' id='word_1_14' title='bbox 17 511 65 562; x_wconf 75' lang='lat' dir='ltr'><strong>ive</strong></span> <span class='ocrx_word' id='word_1_15' title='bbox 91 511 237 578; x_wconf 79' lang='lat' dir='ltr'><strong>bibitis,</strong></span> <span class='ocrx_word' id='word_1_16' title='bbox 252 512 310 567; x_wconf 77' lang='lat' dir='ltr'><strong>siva</strong></span> <span class='ocrx_word' id='word_1_17' title='bbox 330 511 405 567; x_wconf 77' lang='lat' dir='ltr'><strong>aliun</strong></span> <span class='ocrx_word' id='word_1_18' title='bbox 421 517 489 583; x_wconf 83' lang='lat' dir='ltr'><strong>quid</strong></span> <span class='ocrx_word' id='word_1_19' title='bbox 512 504 709 587; x_wconf 68' lang='lat' dir='ltr'><strong>annuamus,</strong></span> <span class='ocrx_word' id='word_1_20' title='bbox 727 503 1034 579; x_wconf 71' lang='lat' dir='ltr'><strong>ommaaamgloum</strong></span> <span class='ocrx_word' id='word_1_21' title='bbox 1048 509 1114 583; x_wconf 57' lang='lat' dir='ltr'><strong>reu,</strong></span> 
     </span>
     <span class='ocr_line' id='line_1_4' title="bbox 17 580 584 679; baseline 0.019 -41"><span class='ocrx_word' id='word_1_22' title='bbox 17 588 106 674; x_wconf 79' lang='lat' dir='ltr'><strong>aoitis</strong></span> <span class='ocrx_word' id='word_1_23' title='bbox 122 606 132 641; x_wconf 79' lang='lat' dir='ltr'><strong>a</strong></span> <span class='ocrx_word' id='word_1_24' title='bbox 148 590 262 644; x_wconf 74' lang='lat' dir='ltr'><strong>omnia</strong></span> <span class='ocrx_word' id='word_1_25' title='bbox 271 590 426 679; x_wconf 79' lang='lat' dir='ltr'><strong>ingloriam</strong></span> <span class='ocrx_word' id='word_1_26' title='bbox 440 595 489 648; x_wconf 80' lang='lat' dir='ltr'><strong>Det</strong></span> <span class='ocrx_word' id='word_1_27' title='bbox 513 580 584 625; x_wconf 81' lang='lat' dir='ltr'><strong>raus.</strong></span> 
     </span>
    </p>

    <p class='ocr_par' dir='ltr' id='par_1_3' title="bbox 17 670 1113 801">
     <span class='ocr_line' id='line_1_5' title="bbox 17 670 1113 801; baseline 0.007 -10"><span class='ocrx_word' id='word_1_28' title='bbox 17 670 200 795; x_wconf 41' lang='grc' dir='ltr'><strong>ὶέξδῑιιε</strong></span> <span class='ocrx_word' id='word_1_29' title='bbox 226 740 380 798; x_wconf 80' lang='lat' dir='ltr'><strong>offensione</strong></span> <span class='ocrx_word' id='word_1_30' title='bbox 400 750 488 799; x_wconf 80' lang='lat' dir='ltr'><strong>estote</strong></span> <span class='ocrx_word' id='word_1_31' title='bbox 541 746 614 798; x_wconf 83' lang='lat' dir='ltr'><strong>Nulla</strong></span> <span class='ocrx_word' id='word_1_32' title='bbox 636 752 723 799; x_wconf 83' lang='lat' dir='ltr'><strong>aulem</strong></span> <span class='ocrx_word' id='word_1_33' title='bbox 738 749 753 798; x_wconf 84' lang='lat' dir='ltr'><strong>i</strong></span> <span class='ocrx_word' id='word_1_34' title='bbox 767 750 839 800; x_wconf 79' lang='lat' dir='ltr'><strong>vohis</strong></span> <span class='ocrx_word' id='word_1_35' title='bbox 854 752 950 801; x_wconf 86' lang='lat' dir='ltr'><strong>oriatur</strong></span> <span class='ocrx_word' id='word_1_36' title='bbox 965 750 1113 800; x_wconf 67' lang='lat' dir='ltr'><strong>offensionis</strong></span> 
     </span>
    </p>
   </div>
   <div class='ocr_carea' id='block_1_3' title="bbox 17 814 1112 963">
    <p class='ocr_par' dir='ltr' id='par_1_4' title="bbox 17 814 1112 963">
     <span class='ocr_line' id='line_1_6' title="bbox 22 814 1112 891; baseline 0.001 -24"><span class='ocrx_word' id='word_1_37' title='bbox 22 820 143 887; x_wconf 80' lang='lat' dir='ltr'><strong>adaeis,</strong></span> <span class='ocrx_word' id='word_1_38' title='bbox 162 826 200 875; x_wconf 71' lang='lat' dir='ltr'><strong>et</strong></span> <span class='ocrx_word' id='word_1_39' title='bbox 226 814 373 891; x_wconf 71' lang='lat' dir='ltr'><strong>Gentibus,</strong></span> <span class='ocrx_word' id='word_1_40' title='bbox 390 830 418 879; x_wconf 72' lang='lat' dir='ltr'><strong>et</strong></span> <span class='ocrx_word' id='word_1_41' title='bbox 434 826 488 878; x_wconf 70' lang='lat' dir='ltr'><strong>Ec.</strong></span> <span class='ocrx_word' id='word_1_42' title='bbox 511 830 604 877; x_wconf 87' lang='lat' dir='ltr'><strong>causa,</strong></span> <span class='ocrx_word' id='word_1_43' title='bbox 619 818 673 867; x_wconf 83' lang='lat' dir='ltr'><strong>siva</strong></span> <span class='ocrx_word' id='word_1_44' title='bbox 692 817 802 878; x_wconf 68' lang='lat' dir='ltr'><strong>iudeis,</strong></span> <span class='ocrx_word' id='word_1_45' title='bbox 816 820 870 868; x_wconf 82' lang='lat' dir='ltr'><strong>sive</strong></span> <span class='ocrx_word' id='word_1_46' title='bbox 887 818 1042 878; x_wconf 73' lang='lat' dir='ltr'>Gentilibus,</span> <span class='ocrx_word' id='word_1_47' title='bbox 1057 817 1112 869; x_wconf 70' lang='lat' dir='ltr'><strong>alvo&#39;</strong></span> 
     </span>
     <span class='ocr_line' id='line_1_7' title="bbox 17 886 802 963; baseline -0.01 -20"><span class='ocrx_word' id='word_1_48' title='bbox 17 898 111 951; x_wconf 78' lang='lat' dir='ltr'><strong>iesiae</strong></span> <span class='ocrx_word' id='word_1_49' title='bbox 125 900 213 963; x_wconf 71' lang='lat' dir='ltr'><strong>nei,</strong></span> <span class='ocrx_word' id='word_1_50' title='bbox 511 886 662 936; x_wconf 82' lang='lat' dir='ltr'><strong>Christianis</strong></span> <span class='ocrx_word' id='word_1_51' title='bbox 675 887 802 937; x_wconf 82' lang='lat' dir='ltr'><strong>iratribus.</strong></span> 
     </span>
    </p>
   </div>
   <div class='ocr_carea' id='block_1_4' title="bbox 17 976 1111 1203">
    <p class='ocr_par' dir='ltr' id='par_1_5' title="bbox 17 976 1111 1203">
     <span class='ocr_line' id='line_1_8' title="bbox 44 976 1110 1055; baseline 0.012 -25"><span class='ocrx_word' id='word_1_52' title='bbox 44 981 98 1030; x_wconf 79' lang='lat'><strong>55.</strong></span> <span class='ocrx_word' id='word_1_53' title='bbox 116 976 215 1031; x_wconf 78' lang='lat' dir='ltr'><strong>Sicut</strong></span> <span class='ocrx_word' id='word_1_54' title='bbox 229 984 256 1033; x_wconf 81' lang='lat' dir='ltr'><strong>el</strong></span> <span class='ocrx_word' id='word_1_55' title='bbox 267 992 319 1049; x_wconf 70' lang='lat' dir='ltr'><strong>ego</strong></span> <span class='ocrx_word' id='word_1_56' title='bbox 330 994 382 1049; x_wconf 82' lang='lat' dir='ltr'><strong>per</strong></span> <span class='ocrx_word' id='word_1_57' title='bbox 394 982 487 1035; x_wconf 88' lang='lat' dir='ltr'><strong>omnia</strong></span> <span class='ocrx_word' id='word_1_58' title='bbox 541 992 612 1041; x_wconf 85' lang='lat' dir='ltr'><strong>Sicut</strong></span> <span class='ocrx_word' id='word_1_59' title='bbox 636 996 661 1041; x_wconf 90' lang='lat' dir='ltr'><strong>et</strong></span> <span class='ocrx_word' id='word_1_60' title='bbox 680 1005 725 1055; x_wconf 84' lang='lat' dir='ltr'><strong>ego</strong></span> <span class='ocrx_word' id='word_1_61' title='bbox 746 992 865 1042; x_wconf 84' lang='lat' dir='ltr'><strong>omnibus</strong></span> <span class='ocrx_word' id='word_1_62' title='bbox 884 990 983 1053; x_wconf 82' lang='lat' dir='ltr'><strong>placere</strong></span> <span class='ocrx_word' id='word_1_63' title='bbox 1003 988 1110 1054; x_wconf 75' lang='lat' dir='ltr'><strong>studeo,</strong></span> 
     </span>
     <span class='ocr_line' id='line_1_9' title="bbox 17 1056 1111 1139; baseline 0.006 -33"><span class='ocrx_word' id='word_1_64' title='bbox 17 1056 163 1109; x_wconf 78' lang='lat' dir='ltr'>&gt;mnibus</span> <span class='ocrx_word' id='word_1_65' title='bbox 193 1058 310 1125; x_wconf 84' lang='lat' dir='ltr'><strong>placeo,</strong></span> <span class='ocrx_word' id='word_1_66' title='bbox 333 1073 389 1112; x_wconf 89' lang='lat' dir='ltr'><strong>non</strong></span> <span class='ocrx_word' id='word_1_67' title='bbox 408 1074 487 1127; x_wconf 84' lang='lat' dir='ltr'><strong>quae·</strong></span> <span class='ocrx_word' id='word_1_68' title='bbox 511 1075 561 1111; x_wconf 91' lang='lat' dir='ltr'><strong>non</strong></span> <span class='ocrx_word' id='word_1_69' title='bbox 575 1074 691 1124; x_wconf 76' lang='lat' dir='ltr'><strong>quarens</strong></span> <span class='ocrx_word' id='word_1_70' title='bbox 713 1062 849 1111; x_wconf 77' lang='lat' dir='ltr'><strong>utilitatem</strong></span> <span class='ocrx_word' id='word_1_71' title='bbox 864 1074 965 1121; x_wconf 85' lang='lat' dir='ltr'><strong>meam,</strong></span> <span class='ocrx_word' id='word_1_72' title='bbox 982 1061 1026 1113; x_wconf 87' lang='lat' dir='ltr'><strong>sed</strong></span> <span class='ocrx_word' id='word_1_73' title='bbox 1042 1062 1111 1139; x_wconf 74' lang='lat' dir='ltr'><strong>quod</strong></span> 
     </span>
     <span class='ocr_line' id='line_1_10' title="bbox 17 1131 1076 1203; baseline -0.001 -18"><span class='ocrx_word' id='word_1_74' title='bbox 17 1149 81 1187; x_wconf 70' lang='lat' dir='ltr'><strong>rens</strong></span> <span class='ocrx_word' id='word_1_75' title='bbox 94 1136 356 1203; x_wconf 79' lang='lat' dir='ltr'><strong>quodmihiutilc</strong></span> <span class='ocrx_word' id='word_1_76' title='bbox 367 1144 424 1200; x_wconf 85' lang='lat' dir='ltr'><strong>cst,</strong></span> <span class='ocrx_word' id='word_1_77' title='bbox 437 1140 486 1193; x_wconf 81' lang='lat' dir='ltr'><strong>aad</strong></span> <span class='ocrx_word' id='word_1_78' title='bbox 510 1132 619 1187; x_wconf 86' lang='lat' dir='ltr'><strong>aliorum</strong></span> <span class='ocrx_word' id='word_1_79' title='bbox 636 1132 713 1183; x_wconf 86' lang='lat' dir='ltr'><strong>saluti</strong></span> <span class='ocrx_word' id='word_1_80' title='bbox 728 1132 838 1183; x_wconf 77' lang='lat' dir='ltr'><strong>maxime</strong></span> <span class='ocrx_word' id='word_1_81' title='bbox 855 1131 985 1186; x_wconf 76' lang='lat' dir='ltr'><strong>conducit</strong></span> <span class='ocrx_word' id='word_1_82' title='bbox 1073 1163 1076 1164; x_wconf 27' lang='grc' dir='ltr'><em>ν</em></span> 
     </span>
    </p>
   </div>
   <div class='ocr_carea' id='block_1_5' title="bbox 17 1213 1111 1527">
    <p class='ocr_par' dir='ltr' id='par_1_6' title="bbox 17 1213 456 1279">
     <span class='ocr_line' id='line_1_11' title="bbox 17 1213 456 1279; baseline 0.016 -16"><span class='ocrx_word' id='word_1_83' title='bbox 17 1213 98 1277; x_wconf 69' lang='lat' dir='ltr'><strong>quod</strong></span> <span class='ocrx_word' id='word_1_84' title='bbox 109 1214 244 1279; x_wconf 79' lang='lat' dir='ltr'><strong>maritis,</strong></span> <span class='ocrx_word' id='word_1_85' title='bbox 258 1220 290 1268; x_wconf 81' lang='lat' dir='ltr'><strong>ut</strong></span> <span class='ocrx_word' id='word_1_86' title='bbox 302 1215 369 1269; x_wconf 86' lang='lat' dir='ltr'><strong>salvi</strong></span> <span class='ocrx_word' id='word_1_87' title='bbox 379 1216 456 1270; x_wconf 86' lang='lat' dir='ltr'><strong>dant.</strong></span> 
     </span>
    </p>

    <p class='ocr_par' dir='ltr' id='par_1_7' title="bbox 17 1301 1111 1527">
     <span class='ocr_line' id='line_1_12' title="bbox 1098 1301 1106 1324; baseline 0 0"><span class='ocrx_word' id='word_1_88' title='bbox 1098 1301 1106 1324; x_wconf 70' lang='lat' dir='ltr'>Q</span> 
     </span>
     <span class='ocr_line' id='line_1_13' title="bbox 17 1326 1110 1353; baseline 0.016 -17"><span class='ocrx_word' id='word_1_89' title='bbox 17 1326 1110 1353; x_wconf 48' lang='lat' dir='ltr'><strong>——w———u--m—-Q</strong></span> 
     </span>
     <span class='ocr_line' id='line_1_14' title="bbox 17 1388 1111 1460; baseline 0.011 -26"><span class='ocrx_word' id='word_1_90' title='bbox 17 1388 124 1449; x_wconf 87' lang='lat' dir='ltr'><strong>torum,</strong></span> <span class='ocrx_word' id='word_1_91' title='bbox 144 1388 247 1455; x_wconf 73' lang='lat' dir='ltr'><strong>utquid</strong></span> <span class='ocrx_word' id='word_1_92' title='bbox 262 1392 327 1441; x_wconf 81' lang='lat' dir='ltr'><strong>mim</strong></span> <span class='ocrx_word' id='word_1_93' title='bbox 339 1392 441 1445; x_wconf 77' lang='lat' dir='ltr'><strong>libertos</strong></span> <span class='ocrx_word' id='word_1_94' title='bbox 450 1409 514 1453; x_wconf 87' lang='lat' dir='ltr'><strong>mec,</strong></span> <span class='ocrx_word' id='word_1_95' title='bbox 528 1400 582 1456; x_wconf 61' lang='grc' dir='ltr'><strong>θεας</strong></span> <span class='ocrx_word' id='word_1_96' title='bbox 592 1394 616 1445; x_wconf 78' lang='lat' dir='ltr'><strong>oi</strong></span> <span class='ocrx_word' id='word_1_97' title='bbox 629 1409 682 1457; x_wconf 71' lang='lat' dir='ltr'><strong>cuo,</strong></span> <span class='ocrx_word' id='word_1_98' title='bbox 693 1402 748 1457; x_wconf 83' lang='lat' dir='ltr'><strong>otc.,·</strong></span> <span class='ocrx_word' id='word_1_99' title='bbox 759 1394 863 1458; x_wconf 82' lang='lat' dir='ltr'><strong>vultque</strong></span> <span class='ocrx_word' id='word_1_100' title='bbox 876 1408 929 1446; x_wconf 86' lang='lat' dir='ltr'><strong>csse</strong></span> <span class='ocrx_word' id='word_1_101' title='bbox 947 1408 1036 1446; x_wconf 83' lang='lat' dir='ltr'><strong>eornm</strong></span> <span class='ocrx_word' id='word_1_102' title='bbox 1048 1408 1111 1460; x_wconf 70' lang='lat' dir='ltr'><strong>oua·</strong></span> 
     </span>
     <span class='ocr_line' id='line_1_15' title="bbox 17 1460 1108 1527; baseline 0.015 -23"><span class='ocrx_word' id='word_1_103' title='bbox 17 1460 169 1520; x_wconf 86' lang='lat' dir='ltr'><strong>rimonias&#39;,</strong></span> <span class='ocrx_word' id='word_1_104' title='bbox 179 1474 247 1523; x_wconf 87' lang='lat' dir='ltr'><strong>quas</strong></span> <span class='ocrx_word' id='word_1_105' title='bbox 260 1464 288 1511; x_wconf 87' lang='lat' dir='ltr'><strong>ut</strong></span> <span class='ocrx_word' id='word_1_106' title='bbox 301 1465 381 1523; x_wconf 86' lang='lat' dir='ltr'><strong>justas</strong></span> <span class='ocrx_word' id='word_1_107' title='bbox 393 1464 504 1514; x_wconf 86' lang='lat' dir='ltr'><strong>admittit</strong></span> <span class='ocrx_word' id='word_1_108' title='bbox 518 1464 660 1527; x_wconf 81' lang='lat' dir='ltr'><strong>Apostolus.</strong></span> <span class='ocrx_word' id='word_1_109' title='bbox 1105 1469 1108 1479; x_wconf 88' lang='grc'><strong>“</strong></span> 
     </span>
    </p>
   </div>
   <div class='ocr_carea' id='block_1_6' title="bbox 20 1507 1109 1668">
    <p class='ocr_par' dir='ltr' id='par_1_8' title="bbox 20 1507 1109 1668">
     <span class='ocr_line' id='line_1_16' title="bbox 47 1507 1109 1597; baseline 0.007 -20"><span class='ocrx_word' id='word_1_110' title='bbox 47 1529 102 1577; x_wconf 83' lang='lat' dir='ltr'><strong>Sed</strong></span> <span class='ocrx_word' id='word_1_111' title='bbox 114 1533 278 1592; x_wconf 83' lang='lat' dir='ltr'><strong>conjunctio</strong></span> <span class='ocrx_word' id='word_1_112' title='bbox 292 1534 361 1583; x_wconf 87' lang='lat' dir='ltr'><strong>enlm</strong></span> <span class='ocrx_word' id='word_1_113' title='bbox 375 1534 472 1583; x_wconf 90' lang='lat' dir='ltr'><strong>indicat</strong></span> <span class='ocrx_word' id='word_1_114' title='bbox 484 1534 551 1596; x_wconf 81' lang='lat' dir='ltr'><strong>quod</strong></span> <span class='ocrx_word' id='word_1_115' title='bbox 567 1534 700 1597; x_wconf 78' lang='lat' dir='ltr'><strong>Apostolus</strong></span> <span class='ocrx_word' id='word_1_116' title='bbox 715 1507 803 1597; x_wconf 79' lang='lat' dir='ltr'><strong>prohat</strong></span> <span class='ocrx_word' id='word_1_117' title='bbox 816 1534 843 1585; x_wconf 89' lang='lat' dir='ltr'><strong>id</strong></span> <span class='ocrx_word' id='word_1_118' title='bbox 852 1534 991 1597; x_wconf 82' lang='lat' dir='ltr'><strong>quoddirlt</strong></span> <span class='ocrx_word' id='word_1_119' title='bbox 1005 1553 1011 1583; x_wconf 72' lang='grc' dir='ltr'><em>ε</em></span> <span class='ocrx_word' id='word_1_120' title='bbox 1027 1533 1109 1584; x_wconf 76' lang='lat' dir='ltr'><strong>Nolite</strong></span> 
     </span>
     <span class='ocr_line' id='line_1_17' title="bbox 20 1600 1106 1668; baseline 0.009 -25"><span class='ocrx_word' id='word_1_121' title='bbox 20 1600 192 1651; x_wconf 74' lang='lat' dir='ltr'><strong>inondumre</strong></span> <span class='ocrx_word' id='word_1_122' title='bbox 202 1606 311 1665; x_wconf 76' lang='lat' dir='ltr'><strong>propter</strong></span> <span class='ocrx_word' id='word_1_123' title='bbox 323 1602 427 1653; x_wconf 83' lang='lat' dir='ltr'><strong>ilium...</strong></span> <span class='ocrx_word' id='word_1_124' title='bbox 440 1610 572 1667; x_wconf 81' lang='lat' dir='ltr'><strong>etproptcr</strong></span> <span class='ocrx_word' id='word_1_125' title='bbox 583 1605 757 1655; x_wconf 69' lang='lat' dir='ltr'><strong>conscientiam</strong></span> <span class='ocrx_word' id='word_1_126' title='bbox 765 1606 866 1655; x_wconf 77' lang='lat' dir='ltr'><strong>illius...</strong></span> <span class='ocrx_word' id='word_1_127' title='bbox 878 1606 970 1668; x_wconf 76' lang='lat' dir='ltr'><strong>utquid</strong></span> <span class='ocrx_word' id='word_1_128' title='bbox 980 1605 1106 1666; x_wconf 67' lang='lat' dir='ltr'><strong>calmeta</strong></span> 
     </span>
    </p>
   </div>
   <div class='ocr_carea' id='block_1_7' title="bbox 23 1688 1107 2316">
    <p class='ocr_par' dir='ltr' id='par_1_9' title="bbox 51 1688 1104 1751">
     <span class='ocr_line' id='line_1_18' title="bbox 51 1688 1104 1751; baseline 0.01 -16"><span class='ocrx_word' id='word_1_129' title='bbox 51 1689 93 1735; x_wconf 81' lang='lat' dir='ltr'><strong>ai.</strong></span> <span class='ocrx_word' id='word_1_130' title='bbox 112 1688 181 1738; x_wconf 84' lang='lat' dir='ltr'><strong>Sive</strong></span> <span class='ocrx_word' id='word_1_131' title='bbox 191 1702 251 1751; x_wconf 69' lang='lat' dir='ltr'><strong>eruo</strong></span> <span class='ocrx_word' id='word_1_132' title='bbox 263 1692 452 1741; x_wconf 81' lang='lat' dir='ltr'><strong>manducatio...</strong></span> <span class='ocrx_word' id='word_1_133' title='bbox 1099 1736 1104 1746; x_wconf 94' lang='lat'><em>.</em></span> 
     </span>
    </p>

    <p class='ocr_par' dir='ltr' id='par_1_10' title="bbox 23 1754 1107 2027">
     <span class='ocr_line' id='line_1_19' title="bbox 54 1754 1107 1823; baseline 0.008 -20"><span class='ocrx_word' id='word_1_134' title='bbox 54 1754 239 1807; x_wconf 77' lang='lat' dir='ltr'><strong>Conclusione</strong></span> <span class='ocrx_word' id='word_1_135' title='bbox 250 1756 360 1818; x_wconf 79' lang='lat' dir='ltr'><strong>generali</strong></span> <span class='ocrx_word' id='word_1_136' title='bbox 372 1754 488 1811; x_wconf 79' lang='lat' dir='ltr'><strong>hortatur</strong></span> <span class='ocrx_word' id='word_1_137' title='bbox 501 1772 561 1820; x_wconf 86' lang='lat' dir='ltr'><strong>cos,</strong></span> <span class='ocrx_word' id='word_1_138' title='bbox 578 1762 607 1809; x_wconf 90' lang='lat' dir='ltr'><strong>ui</strong></span> <span class='ocrx_word' id='word_1_139' title='bbox 618 1762 671 1809; x_wconf 85' lang='lat' dir='ltr'><strong>sive</strong></span> <span class='ocrx_word' id='word_1_140' title='bbox 684 1760 856 1823; x_wconf 81' lang='lat' dir='ltr'><strong>manducent,</strong></span> <span class='ocrx_word' id='word_1_141' title='bbox 871 1762 923 1812; x_wconf 85' lang='lat' dir='ltr'><strong>sive</strong></span> <span class='ocrx_word' id='word_1_142' title='bbox 934 1762 1038 1822; x_wconf 89' lang='lat' dir='ltr'><strong>hlhant,</strong></span> <span class='ocrx_word' id='word_1_143' title='bbox 1053 1763 1107 1811; x_wconf 73' lang='lat' dir='ltr'><strong>slve</strong></span> 
     </span>
     <span class='ocr_line' id='line_1_20' title="bbox 23 1824 1107 1893; baseline 0.01 -23"><span class='ocrx_word' id='word_1_144' title='bbox 23 1824 86 1882; x_wconf 82' lang='lat' dir='ltr'><strong>quid</strong></span> <span class='ocrx_word' id='word_1_145' title='bbox 103 1825 185 1877; x_wconf 87' lang='lat' dir='ltr'><strong>aliud</strong></span> <span class='ocrx_word' id='word_1_146' title='bbox 204 1824 299 1877; x_wconf 84' lang='lat' dir='ltr'><strong>iaciant</strong></span> <span class='ocrx_word' id='word_1_147' title='bbox 308 1845 315 1888; x_wconf 70' lang='grc' dir='ltr'><strong><em>ς</em></strong></span> <span class='ocrx_word' id='word_1_148' title='bbox 330 1830 416 1877; x_wconf 92' lang='lat' dir='ltr'><strong>omnia</strong></span> <span class='ocrx_word' id='word_1_149' title='bbox 436 1832 537 1891; x_wconf 83' lang='lat' dir='ltr'><strong>propter</strong></span> <span class='ocrx_word' id='word_1_150' title='bbox 548 1828 591 1879; x_wconf 85' lang='lat' dir='ltr'><strong>lici</strong></span> <span class='ocrx_word' id='word_1_151' title='bbox 603 1830 708 1893; x_wconf 83' lang='lat' dir='ltr'><strong>gloriam</strong></span> <span class='ocrx_word' id='word_1_152' title='bbox 727 1830 839 1881; x_wconf 80' lang='lat' dir='ltr'><strong>iaciant:</strong></span> <span class='ocrx_word' id='word_1_153' title='bbox 855 1834 881 1879; x_wconf 87' lang='lat' dir='ltr'><strong>et</strong></span> <span class='ocrx_word' id='word_1_154' title='bbox 892 1834 918 1879; x_wconf 91' lang='lat' dir='ltr'><strong>in</strong></span> <span class='ocrx_word' id='word_1_155' title='bbox 932 1832 1051 1881; x_wconf 86' lang='lat' dir='ltr'><strong>omnihus</strong></span> <span class='ocrx_word' id='word_1_156' title='bbox 1064 1844 1107 1881; x_wconf 85' lang='lat' dir='ltr'><strong>ea-</strong></span> 
     </span>
     <span class='ocr_line' id='line_1_21' title="bbox 23 1894 1107 1961; baseline 0.008 -23"><span class='ocrx_word' id='word_1_157' title='bbox 23 1898 102 1943; x_wconf 77' lang='lat' dir='ltr'><strong>raant</strong></span> <span class='ocrx_word' id='word_1_158' title='bbox 122 1909 161 1946; x_wconf 86' lang='lat' dir='ltr'><strong>no</strong></span> <span class='ocrx_word' id='word_1_159' title='bbox 183 1894 291 1945; x_wconf 80' lang='lat' dir='ltr'><strong>laedatur</strong></span> <span class='ocrx_word' id='word_1_160' title='bbox 302 1896 384 1947; x_wconf 88' lang='lat' dir='ltr'><strong>honor</strong></span> <span class='ocrx_word' id='word_1_161' title='bbox 398 1897 442 1947; x_wconf 81' lang='lat' dir='ltr'><strong>liei</strong></span> <span class='ocrx_word' id='word_1_162' title='bbox 453 1902 466 1958; x_wconf 76' lang='lat'><strong>,&#39;</strong></span> <span class='ocrx_word' id='word_1_163' title='bbox 478 1901 503 1947; x_wconf 89' lang='lat' dir='ltr'><strong>et</strong></span> <span class='ocrx_word' id='word_1_164' title='bbox 522 1898 664 1949; x_wconf 87' lang='lat' dir='ltr'><strong>ollendatur</strong></span> <span class='ocrx_word' id='word_1_165' title='bbox 681 1902 828 1961; x_wconf 79' lang='lat' dir='ltr'><strong>proximus,</strong></span> <span class='ocrx_word' id='word_1_166' title='bbox 846 1902 899 1949; x_wconf 84' lang='lat' dir='ltr'><strong>sivo</strong></span> <span class='ocrx_word' id='word_1_167' title='bbox 918 1898 1019 1949; x_wconf 73' lang='lat' dir='ltr'><strong>sunaus</strong></span> <span class='ocrx_word' id='word_1_168' title='bbox 1028 1935 1037 1961; x_wconf 88' lang='lat'>‚</span> <span class='ocrx_word' id='word_1_169' title='bbox 1052 1900 1107 1948; x_wconf 81' lang='lat' dir='ltr'><strong>siva</strong></span> 
     </span>
     <span class='ocr_line' id='line_1_22' title="bbox 28 1959 413 2027; baseline 0.029 -20"><span class='ocrx_word' id='word_1_170' title='bbox 28 1959 138 2013; x_wconf 80' lang='lat' dir='ltr'><strong>Geuhils</strong></span> <span class='ocrx_word' id='word_1_171' title='bbox 149 2000 157 2027; x_wconf 87' lang='lat'><strong>,</strong></span> <span class='ocrx_word' id='word_1_172' title='bbox 168 1966 226 2019; x_wconf 79' lang='lat' dir='ltr'><strong>siva</strong></span> <span class='ocrx_word' id='word_1_173' title='bbox 245 1964 413 2019; x_wconf 83' lang='lat' dir='ltr'><strong>Christianus.</strong></span> 
     </span>
    </p>

    <p class='ocr_par' dir='ltr' id='par_1_11' title="bbox 27 2032 1105 2167">
     <span class='ocr_line' id='line_1_23' title="bbox 60 2032 1105 2105; baseline 0.01 -21"><span class='ocrx_word' id='word_1_174' title='bbox 60 2036 159 2089; x_wconf 79' lang='lat' dir='ltr'><strong>Omnia</strong></span> <span class='ocrx_word' id='word_1_175' title='bbox 185 2032 290 2103; x_wconf 68' lang='lat' dir='ltr'><strong>proper</strong></span> <span class='ocrx_word' id='word_1_176' title='bbox 302 2044 463 2105; x_wconf 72' lang='lat' dir='ltr'><strong>sanctiorum</strong></span> <span class='ocrx_word' id='word_1_177' title='bbox 481 2048 600 2105; x_wconf 73' lang='lat' dir='ltr'><strong>operatua</strong></span> <span class='ocrx_word' id='word_1_178' title='bbox 617 2048 654 2093; x_wconf 77' lang='lat' dir='ltr'><strong>eat</strong></span> <span class='ocrx_word' id='word_1_179' title='bbox 670 2043 813 2093; x_wconf 79' lang='lat' dir='ltr'><strong>Dominus.-</strong></span> <span class='ocrx_word' id='word_1_180' title='bbox 830 2053 888 2104; x_wconf 80' lang='lat' dir='ltr'><strong>orgo</strong></span> <span class='ocrx_word' id='word_1_181' title='bbox 906 2044 932 2091; x_wconf 90' lang='lat' dir='ltr'><strong>et</strong></span> <span class='ocrx_word' id='word_1_182' title='bbox 948 2052 995 2091; x_wconf 88' lang='lat' dir='ltr'><strong>nos</strong></span> <span class='ocrx_word' id='word_1_183' title='bbox 1019 2042 1105 2094; x_wconf 79' lang='lat' dir='ltr'><strong>omnia</strong></span> 
     </span>
     <span class='ocr_line' id='line_1_24' title="bbox 27 2108 467 2167; baseline 0.025 -15"><span class='ocrx_word' id='word_1_184' title='bbox 27 2110 134 2167; x_wconf 68' lang='lat' dir='ltr'><strong>oranter</strong></span> <span class='ocrx_word' id='word_1_185' title='bbox 152 2108 232 2159; x_wconf 87' lang='lat' dir='ltr'><strong>illum</strong></span> <span class='ocrx_word' id='word_1_186' title='bbox 244 2109 327 2163; x_wconf 81' lang='lat' dir='ltr'><strong>lauare</strong></span> <span class='ocrx_word' id='word_1_187' title='bbox 337 2111 467 2165; x_wconf 83' lang='lat' dir='ltr'><strong>dehemus.</strong></span> 
     </span>
    </p>

    <p class='ocr_par' dir='ltr' id='par_1_12' title="bbox 32 2175 1104 2316">
     <span class='ocr_line' id='line_1_25' title="bbox 61 2175 1104 2245; baseline 0.004 -19"><span class='ocrx_word' id='word_1_188' title='bbox 61 2175 158 2229; x_wconf 89' lang='lat' dir='ltr'><strong>Omnia</strong></span> <span class='ocrx_word' id='word_1_189' title='bbox 175 2178 243 2231; x_wconf 90' lang='lat' dir='ltr'><strong>hona</strong></span> <span class='ocrx_word' id='word_1_190' title='bbox 263 2178 343 2231; x_wconf 79' lang='lat' dir='ltr'><strong>iiico</strong></span> <span class='ocrx_word' id='word_1_191' title='bbox 363 2182 504 2245; x_wconf 86' lang='lat' dir='ltr'><strong>procedunt</strong></span> <span class='ocrx_word' id='word_1_192' title='bbox 524 2194 604 2244; x_wconf 79' lang='lat' dir='ltr'><strong>:crgo</strong></span> <span class='ocrx_word' id='word_1_193' title='bbox 625 2182 735 2234; x_wconf 87' lang='lat' dir='ltr'><strong>adeum</strong></span> <span class='ocrx_word' id='word_1_194' title='bbox 759 2180 888 2234; x_wconf 82' lang='lat' dir='ltr'><strong>referenda</strong></span> <span class='ocrx_word' id='word_1_195' title='bbox 894 2199 902 2243; x_wconf 82' lang='lat'>3</span> <span class='ocrx_word' id='word_1_196' title='bbox 924 2191 969 2245; x_wconf 86' lang='lat' dir='ltr'><strong>per</strong></span> <span class='ocrx_word' id='word_1_197' title='bbox 991 2190 1104 2230; x_wconf 90' lang='lat' dir='ltr'><strong>amorem</strong></span> 
     </span>
     <span class='ocr_line' id='line_1_26' title="bbox 32 2249 784 2316; baseline 0.011 -22"><span class='ocrx_word' id='word_1_198' title='bbox 32 2251 119 2298; x_wconf 89' lang='lat' dir='ltr'><strong>omnia</strong></span> <span class='ocrx_word' id='word_1_199' title='bbox 136 2249 216 2298; x_wconf 91' lang='lat' dir='ltr'><strong>nohis</strong></span> <span class='ocrx_word' id='word_1_200' title='bbox 227 2249 304 2300; x_wconf 89' lang='lat' dir='ltr'><strong>donat</strong></span> <span class='ocrx_word' id='word_1_201' title='bbox 317 2269 325 2300; x_wconf 83' lang='grc' dir='ltr'>ι</span> <span class='ocrx_word' id='word_1_202' title='bbox 336 2263 382 2316; x_wconf 85' lang='lat' dir='ltr'><strong>per</strong></span> <span class='ocrx_word' id='word_1_203' title='bbox 392 2264 503 2304; x_wconf 89' lang='lat' dir='ltr'><strong>amorem</strong></span> <span class='ocrx_word' id='word_1_204' title='bbox 515 2256 602 2302; x_wconf 86' lang='lat' dir='ltr'><strong>omnia</strong></span> <span class='ocrx_word' id='word_1_205' title='bbox 613 2254 636 2302; x_wconf 87' lang='lat' dir='ltr'><strong>ei</strong></span> <span class='ocrx_word' id='word_1_206' title='bbox 648 2252 784 2305; x_wconf 83' lang='lat' dir='ltr'><strong>reddenda.</strong></span> 
     </span>
    </p>
   </div>
   <div class='ocr_carea' id='block_1_8' title="bbox 35 2338 1105 2952">
    <p class='ocr_par' dir='ltr' id='par_1_13' title="bbox 35 2338 1105 2598">
     <span class='ocr_line' id='line_1_27' title="bbox 64 2338 1104 2404; baseline 0.007 -21"><span class='ocrx_word' id='word_1_207' title='bbox 64 2338 105 2385; x_wconf 74' lang='lat' dir='ltr'><strong>tii.</strong></span> <span class='ocrx_word' id='word_1_208' title='bbox 119 2339 183 2388; x_wconf 80' lang='lat' dir='ltr'><strong>Sine</strong></span> <span class='ocrx_word' id='word_1_209' title='bbox 194 2339 326 2404; x_wconf 70' lang='lat' dir='ltr'><strong>offensione</strong></span> <span class='ocrx_word' id='word_1_210' title='bbox 336 2345 450 2390; x_wconf 76' lang='lat' dir='ltr'><strong>calata...</strong></span> <span class='ocrx_word' id='word_1_211' title='bbox 461 2341 497 2390; x_wconf 86' lang='lat' dir='ltr'><strong>Ne</strong></span> <span class='ocrx_word' id='word_1_212' title='bbox 507 2353 662 2402; x_wconf 81' lang='lat' dir='ltr'><strong>quemquam</strong></span> <span class='ocrx_word' id='word_1_213' title='bbox 676 2339 851 2400; x_wconf 76' lang='lat' dir='ltr'><strong>offendatis5i</strong></span> <span class='ocrx_word' id='word_1_214' title='bbox 866 2339 938 2388; x_wconf 80' lang='lat' dir='ltr'><strong>vohis</strong></span> <span class='ocrx_word' id='word_1_215' title='bbox 950 2338 1022 2388; x_wconf 91' lang='lat' dir='ltr'><strong>nulla</strong></span> <span class='ocrx_word' id='word_1_216' title='bbox 1036 2339 1104 2390; x_wconf 60' lang='lat' dir='ltr'><strong>oriae</strong></span> 
     </span>
     <span class='ocr_line' id='line_1_28' title="bbox 35 2403 1105 2470; baseline 0.003 -18"><span class='ocrx_word' id='word_1_217' title='bbox 35 2403 75 2452; x_wconf 81' lang='grc' dir='ltr'>[ιιι</span> <span class='ocrx_word' id='word_1_218' title='bbox 91 2419 172 2470; x_wconf 86' lang='lat' dir='ltr'><strong>causa</strong></span> <span class='ocrx_word' id='word_1_219' title='bbox 192 2405 352 2468; x_wconf 82' lang='lat' dir='ltr'><strong>ollcnsionls,</strong></span> <span class='ocrx_word' id='word_1_220' title='bbox 367 2409 494 2469; x_wconf 83' lang='lat' dir='ltr'><strong>scandali,</strong></span> <span class='ocrx_word' id='word_1_221' title='bbox 514 2411 567 2459; x_wconf 81' lang='lat' dir='ltr'><strong>sivo</strong></span> <span class='ocrx_word' id='word_1_222' title='bbox 584 2410 695 2467; x_wconf 65' lang='lat' dir='ltr'><strong>dodun,</strong></span> <span class='ocrx_word' id='word_1_223' title='bbox 712 2410 757 2470; x_wconf 79' lang='lat' dir='ltr'><strong>oui</strong></span> <span class='ocrx_word' id='word_1_224' title='bbox 769 2409 832 2458; x_wconf 90' lang='lat' dir='ltr'><strong>dnm</strong></span> <span class='ocrx_word' id='word_1_225' title='bbox 845 2408 1001 2460; x_wconf 81' lang='lat' dir='ltr'><strong>Christianos</strong></span> <span class='ocrx_word' id='word_1_226' title='bbox 1017 2404 1105 2456; x_wconf 81' lang='lat' dir='ltr'><strong>vident</strong></span> 
     </span>
     <span class='ocr_line' id='line_1_29' title="bbox 36 2474 1104 2588; baseline 0.005 -67"><span class='ocrx_word' id='word_1_227' title='bbox 36 2474 180 2588; x_wconf 66' lang='lat' dir='ltr'><strong>ildolothyta</strong></span> <span class='ocrx_word' id='word_1_228' title='bbox 191 2479 351 2530; x_wconf 77' lang='lat' dir='ltr'><strong>comedentes</strong></span> <span class='ocrx_word' id='word_1_229' title='bbox 361 2515 369 2541; x_wconf 89' lang='lat'><strong>,</strong></span> <span class='ocrx_word' id='word_1_230' title='bbox 381 2480 472 2530; x_wconf 85' lang='lat' dir='ltr'><strong>dicunt</strong></span> <span class='ocrx_word' id='word_1_231' title='bbox 483 2499 491 2528; x_wconf 77' lang='grc' dir='ltr'>ι</span> <span class='ocrx_word' id='word_1_232' title='bbox 503 2481 572 2530; x_wconf 70' lang='lat' dir='ltr'><strong>Ecce</strong></span> <span class='ocrx_word' id='word_1_233' title='bbox 590 2480 716 2542; x_wconf 86' lang='lat' dir='ltr'><strong>quomodo</strong></span> <span class='ocrx_word' id='word_1_234' title='bbox 727 2479 865 2529; x_wconf 75' lang='lat' dir='ltr'><strong>Christiani</strong></span> <span class='ocrx_word' id='word_1_235' title='bbox 877 2492 960 2530; x_wconf 89' lang='lat' dir='ltr'><strong>unum</strong></span> <span class='ocrx_word' id='word_1_236' title='bbox 968 2477 1051 2543; x_wconf 79' lang='lat' dir='ltr'><strong>licum</strong></span> <span class='ocrx_word' id='word_1_237' title='bbox 1061 2489 1104 2528; x_wconf 89' lang='lat' dir='ltr'><strong>co-</strong></span> 
     </span>
     <span class='ocr_line' id='line_1_30' title="bbox 49 2549 1102 2598; baseline 0.005 -7"><span class='ocrx_word' id='word_1_238' title='bbox 49 2549 102 2594; x_wconf 88' lang='lat' dir='ltr'><strong>unt.</strong></span> <span class='ocrx_word' id='word_1_239' title='bbox 195 2579 197 2586; x_wconf 75' lang='lat'><em>·</em></span> <span class='ocrx_word' id='word_1_240' title='bbox 693 2595 696 2598; x_wconf 81' lang='grc'>,</span> <span class='ocrx_word' id='word_1_241' title='bbox 915 2560 939 2597; x_wconf 57' lang='grc' dir='ltr'><strong>φ’</strong></span> <span class='ocrx_word' id='word_1_242' title='bbox 1098 2586 1102 2596; x_wconf 89' lang='grc'><strong>.</strong></span> 
     </span>
    </p>

    <p class='ocr_par' dir='ltr' id='par_1_14' title="bbox 37 2617 1103 2756">
     <span class='ocr_line' id='line_1_31' title="bbox 68 2617 1103 2685; baseline 0.001 -17"><span class='ocrx_word' id='word_1_243' title='bbox 68 2621 127 2671; x_wconf 85' lang='lat' dir='ltr'><strong>Sive</strong></span> <span class='ocrx_word' id='word_1_244' title='bbox 149 2624 256 2682; x_wconf 68' lang='lat' dir='ltr'><strong>druch,</strong></span> <span class='ocrx_word' id='word_1_245' title='bbox 268 2623 295 2673; x_wconf 89' lang='lat' dir='ltr'><strong>id</strong></span> <span class='ocrx_word' id='word_1_246' title='bbox 312 2627 364 2684; x_wconf 83' lang='lat' dir='ltr'><strong>cst,</strong></span> <span class='ocrx_word' id='word_1_247' title='bbox 388 2622 547 2684; x_wconf 78' lang='lat' dir='ltr'><strong>infidelibus,</strong></span> <span class='ocrx_word' id='word_1_248' title='bbox 566 2625 609 2685; x_wconf 86' lang='lat' dir='ltr'><strong>qui</strong></span> <span class='ocrx_word' id='word_1_249' title='bbox 624 2622 760 2674; x_wconf 82' lang='lat' dir='ltr'><strong>dicebant:</strong></span> <span class='ocrx_word' id='word_1_250' title='bbox 779 2623 832 2673; x_wconf 87' lang='lat' dir='ltr'><strong>lloo</strong></span> <span class='ocrx_word' id='word_1_251' title='bbox 845 2621 908 2675; x_wconf 78' lang='lat' dir='ltr'><strong>cim</strong></span> <span class='ocrx_word' id='word_1_252' title='bbox 920 2621 1017 2676; x_wconf 84' lang='lat' dir='ltr'><strong>iaciant</strong></span> <span class='ocrx_word' id='word_1_253' title='bbox 1029 2617 1103 2684; x_wconf 54' lang='lat' dir='ltr'><strong>Chri,</strong></span> 
     </span>
     <span class='ocr_line' id='line_1_32' title="bbox 37 2689 943 2756; baseline 0.013 -23"><span class='ocrx_word' id='word_1_254' title='bbox 37 2689 110 2740; x_wconf 82' lang='lat' dir='ltr'><strong>atiani</strong></span> <span class='ocrx_word' id='word_1_255' title='bbox 121 2727 129 2750; x_wconf 63' lang='lat'><strong>‚,</strong></span> <span class='ocrx_word' id='word_1_256' title='bbox 144 2705 205 2754; x_wconf 75' lang='lat' dir='ltr'><strong>argo</strong></span> <span class='ocrx_word' id='word_1_257' title='bbox 216 2692 281 2742; x_wconf 86' lang='lat' dir='ltr'><strong>nihil</strong></span> <span class='ocrx_word' id='word_1_258' title='bbox 291 2693 353 2744; x_wconf 88' lang='lat' dir='ltr'><strong>mali</strong></span> <span class='ocrx_word' id='word_1_259' title='bbox 367 2697 460 2756; x_wconf 81' lang='lat' dir='ltr'><strong>putant</strong></span> <span class='ocrx_word' id='word_1_260' title='bbox 476 2706 530 2752; x_wconf 79' lang='lat' dir='ltr'><strong>essa</strong></span> <span class='ocrx_word' id='word_1_261' title='bbox 542 2692 733 2745; x_wconf 75' lang='lat' dir='ltr'><strong>iri-idololatria.</strong></span> <span class='ocrx_word' id='word_1_262' title='bbox 936 2728 943 2736; x_wconf 48' lang='grc' dir='ltr'><em>ι</em></span> 
     </span>
    </p>

    <p class='ocr_par' dir='ltr' id='par_1_15' title="bbox 41 2757 1102 2952">
     <span class='ocr_line' id='line_1_33' title="bbox 70 2757 1102 2838; baseline 0.003 -31"><span class='ocrx_word' id='word_1_263' title='bbox 70 2757 290 2812; x_wconf 65' lang='grc' dir='ltr'>δίιιῦιιιιιῐίιιιιίι</span> <span class='ocrx_word' id='word_1_264' title='bbox 310 2764 436 2824; x_wconf 82' lang='lat' dir='ltr'><strong>infirmis,</strong></span> <span class='ocrx_word' id='word_1_265' title='bbox 455 2765 502 2824; x_wconf 78' lang='lat' dir='ltr'><strong>qui</strong></span> <span class='ocrx_word' id='word_1_266' title='bbox 520 2763 740 2825; x_wconf 71' lang='lat' dir='ltr'><strong>scandalizantur,</strong></span> <span class='ocrx_word' id='word_1_267' title='bbox 755 2767 781 2813; x_wconf 87' lang='lat' dir='ltr'><strong>et</strong></span> <span class='ocrx_word' id='word_1_268' title='bbox 804 2762 950 2825; x_wconf 84' lang='lat' dir='ltr'><strong>urgentibus</strong></span> <span class='ocrx_word' id='word_1_269' title='bbox 969 2760 1058 2823; x_wconf 87' lang='lat' dir='ltr'><strong>malis,</strong></span> <span class='ocrx_word' id='word_1_270' title='bbox 1070 2761 1102 2838; x_wconf 73' lang='lat' dir='ltr'><strong>oh</strong></span> 
     </span>
     <span class='ocr_line' id='line_1_34' title="bbox 41 2823 1102 2896; baseline 0.006 -22"><span class='ocrx_word' id='word_1_271' title='bbox 41 2823 86 2876; x_wconf 84' lang='lat' dir='ltr'><strong>loc</strong></span> <span class='ocrx_word' id='word_1_272' title='bbox 99 2829 174 2882; x_wconf 81' lang='lat' dir='ltr'><strong>facile</strong></span> <span class='ocrx_word' id='word_1_273' title='bbox 187 2831 321 2894; x_wconf 83' lang='lat' dir='ltr'><strong>deliciunt,</strong></span> <span class='ocrx_word' id='word_1_274' title='bbox 336 2831 409 2882; x_wconf 85' lang='lat' dir='ltr'><strong>idolis</strong></span> <span class='ocrx_word' id='word_1_275' title='bbox 422 2832 606 2894; x_wconf 84' lang='lat' dir='ltr'><strong>sacritloantcs,</strong></span> <span class='ocrx_word' id='word_1_276' title='bbox 618 2839 663 2885; x_wconf 85' lang='lat' dir='ltr'><strong>aut</strong></span> <span class='ocrx_word' id='word_1_277' title='bbox 673 2833 812 2896; x_wconf 85' lang='lat' dir='ltr'><strong>idolothyta</strong></span> <span class='ocrx_word' id='word_1_278' title='bbox 825 2835 853 2882; x_wconf 93' lang='lat' dir='ltr'><strong>in</strong></span> <span class='ocrx_word' id='word_1_279' title='bbox 862 2832 964 2883; x_wconf 86' lang='lat' dir='ltr'><strong>iliorum</strong></span> <span class='ocrx_word' id='word_1_280' title='bbox 979 2832 1102 2884; x_wconf 88' lang='lat' dir='ltr'><strong>honorem</strong></span> 
     </span>
     <span class='ocr_line' id='line_1_35' title="bbox 42 2900 1034 2952; baseline 0.011 -10"><span class='ocrx_word' id='word_1_281' title='bbox 42 2900 210 2952; x_wconf 77' lang='lat' dir='ltr'><strong>comedentes.</strong></span> <span class='ocrx_word' id='word_1_282' title='bbox 1026 2916 1034 2930; x_wconf 95' lang='lat'><strong>·</strong></span> 
     </span>
    </p>
   </div>
   <div class='ocr_carea' id='block_1_9' title="bbox 45 2987 1155 3467">
    <p class='ocr_par' dir='ltr' id='par_1_16' title="bbox 45 2987 1155 3260">
     <span class='ocr_line' id='line_1_36' title="bbox 72 2987 1103 3055; baseline 0.012 -22"><span class='ocrx_word' id='word_1_283' title='bbox 72 2987 109 3034; x_wconf 76' lang='lat'><strong>33.</strong></span> <span class='ocrx_word' id='word_1_284' title='bbox 127 2989 199 3038; x_wconf 78' lang='lat' dir='ltr'><strong>Sicut</strong></span> <span class='ocrx_word' id='word_1_285' title='bbox 213 2993 237 3038; x_wconf 79' lang='lat' dir='ltr'><strong>ei</strong></span> <span class='ocrx_word' id='word_1_286' title='bbox 251 3002 296 3051; x_wconf 69' lang='lat' dir='ltr'><strong>eno</strong></span> <span class='ocrx_word' id='word_1_287' title='bbox 310 3003 357 3052; x_wconf 79' lang='lat' dir='ltr'><strong>per</strong></span> <span class='ocrx_word' id='word_1_288' title='bbox 368 2990 453 3040; x_wconf 79' lang='lat' dir='ltr'><strong>omnio</strong></span> <span class='ocrx_word' id='word_1_289' title='bbox 455 3024 503 3040; x_wconf 80' lang='grc'><strong>.....</strong></span> <span class='ocrx_word' id='word_1_290' title='bbox 506 3013 524 3040; x_wconf 74' lang='grc' dir='ltr'><strong>ι.</strong></span> <span class='ocrx_word' id='word_1_291' title='bbox 539 2990 655 3052; x_wconf 79' lang='lat' dir='ltr'><strong>seipsum</strong></span> <span class='ocrx_word' id='word_1_292' title='bbox 668 2991 712 3040; x_wconf 87' lang='lat' dir='ltr'><strong>dat</strong></span> <span class='ocrx_word' id='word_1_293' title='bbox 724 2991 882 3055; x_wconf 82' lang='lat' dir='ltr'><strong>exemplum,</strong></span> <span class='ocrx_word' id='word_1_294' title='bbox 892 2991 944 3042; x_wconf 75' lang='lat' dir='ltr'><strong>imo</strong></span> <span class='ocrx_word' id='word_1_295' title='bbox 959 2989 1103 3053; x_wconf 60' lang='lat' dir='ltr'><strong>exemplans</strong></span> 
     </span>
     <span class='ocr_line' id='line_1_37' title="bbox 45 3052 1117 3122; baseline 0.007 -22"><span class='ocrx_word' id='word_1_296' title='bbox 45 3052 149 3119; x_wconf 73' lang='lat' dir='ltr'><strong>Christi,</strong></span> <span class='ocrx_word' id='word_1_297' title='bbox 160 3061 233 3118; x_wconf 72' lang='lat' dir='ltr'><strong>cuins</strong></span> <span class='ocrx_word' id='word_1_298' title='bbox 250 3058 346 3108; x_wconf 83' lang='lat' dir='ltr'><strong>Paulus</strong></span> <span class='ocrx_word' id='word_1_299' title='bbox 363 3061 516 3108; x_wconf 78' lang='lat' dir='ltr'><strong>indictorcm</strong></span> <span class='ocrx_word' id='word_1_300' title='bbox 533 3072 562 3109; x_wconf 87' lang='lat' dir='ltr'><strong>so</strong></span> <span class='ocrx_word' id='word_1_301' title='bbox 577 3061 698 3122; x_wconf 34' lang='lat' dir='ltr'><strong>*prochain</strong></span> <span class='ocrx_word' id='word_1_302' title='bbox 716 3062 820 3110; x_wconf 84' lang='lat' dir='ltr'><strong>studens</strong></span> <span class='ocrx_word' id='word_1_303' title='bbox 839 3061 939 3110; x_wconf 88' lang='lat' dir='ltr'><strong>nullum</strong></span> <span class='ocrx_word' id='word_1_304' title='bbox 958 3059 1117 3120; x_wconf 56' lang='lat' dir='ltr'><strong>offenderes„</strong></span> 
     </span>
     <span class='ocr_line' id='line_1_38' title="bbox 46 3127 1101 3190; baseline 0.007 -21"><span class='ocrx_word' id='word_1_305' title='bbox 46 3133 127 3176; x_wconf 87' lang='lat' dir='ltr'><strong>omnes</strong></span> <span class='ocrx_word' id='word_1_306' title='bbox 138 3127 276 3190; x_wconf 71' lang='lat' dir='ltr'><strong>aedificare,</strong></span> <span class='ocrx_word' id='word_1_307' title='bbox 287 3141 338 3178; x_wconf 93' lang='lat' dir='ltr'><strong>non</strong></span> <span class='ocrx_word' id='word_1_308' title='bbox 348 3141 404 3190; x_wconf 78' lang='lat' dir='ltr'><strong>quaa</strong></span> <span class='ocrx_word' id='word_1_309' title='bbox 414 3140 460 3178; x_wconf 85' lang='lat' dir='ltr'><strong>sua</strong></span> <span class='ocrx_word' id='word_1_310' title='bbox 471 3131 532 3178; x_wconf 85' lang='lat' dir='ltr'><strong>sunt</strong></span> <span class='ocrx_word' id='word_1_311' title='bbox 546 3133 658 3189; x_wconf 75' lang='lat' dir='ltr'><strong>quarere</strong></span> <span class='ocrx_word' id='word_1_312' title='bbox 666 3148 674 3190; x_wconf 81' lang='lat'><em>3</em></span> <span class='ocrx_word' id='word_1_313' title='bbox 683 3129 729 3178; x_wconf 85' lang='lat' dir='ltr'><strong>scd</strong></span> <span class='ocrx_word' id='word_1_314' title='bbox 741 3133 861 3180; x_wconf 78' lang='lat' dir='ltr'><strong>aternam</strong></span> <span class='ocrx_word' id='word_1_315' title='bbox 873 3127 983 3181; x_wconf 80' lang='lat' dir='ltr'><strong>aliorum</strong></span> <span class='ocrx_word' id='word_1_316' title='bbox 992 3127 1101 3187; x_wconf 77' lang='lat' dir='ltr'><strong>salutem</strong></span> 
     </span>
     <span class='ocr_line' id='line_1_39' title="bbox 47 3197 1155 3260; baseline 0.005 -20"><span class='ocrx_word' id='word_1_317' title='bbox 47 3197 179 3246; x_wconf 86' lang='lat' dir='ltr'><strong>commodis</strong></span> <span class='ocrx_word' id='word_1_318' title='bbox 195 3200 247 3248; x_wconf 85' lang='lat' dir='ltr'><strong>suis</strong></span> <span class='ocrx_word' id='word_1_319' title='bbox 260 3197 385 3260; x_wconf 78' lang='lat' dir='ltr'><strong>profarre.</strong></span> <span class='ocrx_word' id='word_1_320' title='bbox 1150 3233 1155 3245; x_wconf 86' lang='lat'>.</span> 
     </span>
    </p>

    <p class='ocr_par' dir='ltr' id='par_1_17' title="bbox 48 3261 1101 3398">
     <span class='ocr_line' id='line_1_40' title="bbox 73 3261 1101 3328; baseline 0.006 -18"><span class='ocrx_word' id='word_1_321' title='bbox 73 3261 147 3314; x_wconf 80' lang='lat' dir='ltr'><strong>Divus</strong></span> <span class='ocrx_word' id='word_1_322' title='bbox 157 3265 348 3328; x_wconf 86' lang='lat' dir='ltr'><strong>Chrysostomus</strong></span> <span class='ocrx_word' id='word_1_323' title='bbox 358 3267 401 3317; x_wconf 90' lang='lat' dir='ltr'><strong>hic</strong></span> <span class='ocrx_word' id='word_1_324' title='bbox 412 3268 519 3316; x_wconf 81' lang='lat' dir='ltr'><strong>resumit</strong></span> <span class='ocrx_word' id='word_1_325' title='bbox 531 3276 619 3315; x_wconf 86' lang='lat' dir='ltr'><strong>omnes</strong></span> <span class='ocrx_word' id='word_1_326' title='bbox 630 3277 728 3326; x_wconf 87' lang='lat' dir='ltr'><strong>causas,</strong></span> <span class='ocrx_word' id='word_1_327' title='bbox 736 3265 767 3314; x_wconf 89' lang='lat' dir='ltr'><strong>ob</strong></span> <span class='ocrx_word' id='word_1_328' title='bbox 776 3277 838 3326; x_wconf 86' lang='lat' dir='ltr'><strong>quas</strong></span> <span class='ocrx_word' id='word_1_329' title='bbox 848 3263 880 3313; x_wconf 89' lang='lat' dir='ltr'><strong>ab</strong></span> <span class='ocrx_word' id='word_1_330' title='bbox 894 3262 1037 3327; x_wconf 87' lang='lat' dir='ltr'><strong>idolothytis</strong></span> <span class='ocrx_word' id='word_1_331' title='bbox 1045 3265 1101 3316; x_wconf 82' lang='lat' dir='ltr'><strong>ahs·</strong></span> 
     </span>
     <span class='ocr_line' id='line_1_41' title="bbox 48 3328 472 3398; baseline 0.017 -21"><span class='ocrx_word' id='word_1_332' title='bbox 48 3328 175 3384; x_wconf 88' lang='lat' dir='ltr'><strong>linendum</strong></span> <span class='ocrx_word' id='word_1_333' title='bbox 187 3348 239 3385; x_wconf 87' lang='lat' dir='ltr'><strong>essc</strong></span> <span class='ocrx_word' id='word_1_334' title='bbox 253 3336 315 3386; x_wconf 83' lang='lat' dir='ltr'><strong>dixit</strong></span> <span class='ocrx_word' id='word_1_335' title='bbox 330 3335 472 3398; x_wconf 78' lang='lat' dir='ltr'><strong>Apostolus.</strong></span> 
     </span>
    </p>

    <p class='ocr_par' dir='ltr' id='par_1_18' title="bbox 76 3397 1101 3467">
     <span class='ocr_line' id='line_1_42' title="bbox 76 3397 1101 3467; baseline 0.003 -19"><span class='ocrx_word' id='word_1_336' title='bbox 76 3397 134 3459; x_wconf 85' lang='lat' dir='ltr'><strong>Quia</strong></span> <span class='ocrx_word' id='word_1_337' title='bbox 148 3403 173 3453; x_wconf 89' lang='lat' dir='ltr'><strong>id</strong></span> <span class='ocrx_word' id='word_1_338' title='bbox 183 3405 287 3466; x_wconf 87' lang='lat' dir='ltr'><strong>inutile,</strong></span> <span class='ocrx_word' id='word_1_339' title='bbox 299 3409 324 3454; x_wconf 88' lang='lat' dir='ltr'><strong>et</strong></span> <span class='ocrx_word' id='word_1_340' title='bbox 337 3415 553 3467; x_wconf 85' lang='lat' dir='ltr'><strong>supervacaneum</strong></span> <span class='ocrx_word' id='word_1_341' title='bbox 562 3421 569 3462; x_wconf 77' lang='lat' dir='ltr'><strong>t</strong></span> <span class='ocrx_word' id='word_1_342' title='bbox 579 3406 680 3466; x_wconf 85' lang='lat' dir='ltr'><strong>propter</strong></span> <span class='ocrx_word' id='word_1_343' title='bbox 695 3401 817 3450; x_wconf 88' lang='lat' dir='ltr'><strong>damnum</strong></span> <span class='ocrx_word' id='word_1_344' title='bbox 833 3400 918 3450; x_wconf 77' lang='lat' dir='ltr'><strong>fratris</strong></span> <span class='ocrx_word' id='word_1_345' title='bbox 925 3419 933 3461; x_wconf 88' lang='lat'>;</span> <span class='ocrx_word' id='word_1_346' title='bbox 944 3405 1045 3463; x_wconf 80' lang='lat' dir='ltr'><strong>propter</strong></span> <span class='ocrx_word' id='word_1_347' title='bbox 1055 3401 1101 3452; x_wconf 83' lang='lat' dir='ltr'><strong>lu-</strong></span> 
     </span>
    </p>
   </div>
   <div class='ocr_carea' id='block_1_10' title="bbox 49 3461 1100 3598">
    <p class='ocr_par' dir='ltr' id='par_1_19' title="bbox 49 3461 1100 3598">
     <span class='ocr_line' id='line_1_43' title="bbox 49 3461 1100 3592; baseline 0.007 -76"><span class='ocrx_word' id='word_1_348' title='bbox 49 3461 299 3592; x_wconf 50' lang='lat' dir='ltr'><strong>tgaclithlasspllrcmiam</strong></span> <span class='ocrx_word' id='word_1_349' title='bbox 314 3479 414 3539; x_wconf 81' lang='lat' dir='ltr'><strong>propter</strong></span> <span class='ocrx_word' id='word_1_350' title='bbox 434 3473 515 3524; x_wconf 78' lang='lat' dir='ltr'><strong>Graeoi</strong></span> <span class='ocrx_word' id='word_1_351' title='bbox 529 3471 734 3522; x_wconf 81' lang='lat' dir='ltr'><strong>maledicentiam</strong></span> <span class='ocrx_word' id='word_1_352' title='bbox 739 3491 748 3532; x_wconf 75' lang='lat'>5</span> <span class='ocrx_word' id='word_1_353' title='bbox 761 3473 821 3533; x_wconf 85' lang='lat' dir='ltr'><strong>quia</strong></span> <span class='ocrx_word' id='word_1_354' title='bbox 836 3481 865 3520; x_wconf 86' lang='lat' dir='ltr'><strong>oa</strong></span> <span class='ocrx_word' id='word_1_355' title='bbox 885 3481 927 3520; x_wconf 87' lang='lat' dir='ltr'><strong>res</strong></span> <span class='ocrx_word' id='word_1_356' title='bbox 947 3472 981 3520; x_wconf 85' lang='lat' dir='ltr'><strong>sit</strong></span> <span class='ocrx_word' id='word_1_357' title='bbox 995 3471 1100 3532; x_wconf 84' lang='lat' dir='ltr'><strong>quidam</strong></span> 
     </span>
     <span class='ocr_line' id='line_1_44' title="bbox 65 3547 345 3598; baseline 0.046 -13"><span class='ocrx_word' id='word_1_358' title='bbox 65 3547 80 3586; x_wconf 91' lang='grc' dir='ltr'><strong>ιι</strong></span> <span class='ocrx_word' id='word_1_359' title='bbox 100 3551 126 3589; x_wconf 94' lang='lat' dir='ltr'><strong>us</strong></span> <span class='ocrx_word' id='word_1_360' title='bbox 162 3555 271 3596; x_wconf 86' lang='lat' dir='ltr'><strong>oorum.</strong></span> <span class='ocrx_word' id='word_1_361' title='bbox 343 3593 345 3598; x_wconf 92' lang='lat'><em>.</em></span> 
     </span>
    </p>
   </div>
   <div class='ocr_carea' id='block_1_11' title="bbox 53 3648 1101 3790">
    <p class='ocr_par' dir='ltr' id='par_1_20' title="bbox 53 3648 1101 3790">
     <span class='ocr_line' id='line_1_45' title="bbox 53 3648 1101 3722; baseline 0.005 -20"><span class='ocrx_word' id='word_1_362' title='bbox 53 3648 211 3709; x_wconf 60' lang='lat' dir='ltr'><strong>dorotheum</strong></span> <span class='ocrx_word' id='word_1_363' title='bbox 221 3659 322 3722; x_wconf 76' lang='lat' dir='ltr'><strong>pietatis</strong></span> <span class='ocrx_word' id='word_1_364' title='bbox 331 3697 340 3719; x_wconf 88' lang='lat'>‚</span> <span class='ocrx_word' id='word_1_365' title='bbox 350 3673 392 3709; x_wconf 80' lang='lat' dir='ltr'><strong>seu</strong></span> <span class='ocrx_word' id='word_1_366' title='bbox 406 3659 434 3707; x_wconf 81' lang='lat' dir='ltr'><strong>ia</strong></span> <span class='ocrx_word' id='word_1_367' title='bbox 447 3656 493 3707; x_wconf 85' lang='lat' dir='ltr'><strong>hoc</strong></span> <span class='ocrx_word' id='word_1_368' title='bbox 509 3657 590 3720; x_wconf 77' lang='lat' dir='ltr'><strong>cupite</strong></span> <span class='ocrx_word' id='word_1_369' title='bbox 603 3659 639 3708; x_wconf 83' lang='grc' dir='ltr'><strong>ιο.</strong></span> <span class='ocrx_word' id='word_1_370' title='bbox 655 3658 689 3706; x_wconf 87' lang='lat' dir='ltr'><strong>ad</strong></span> <span class='ocrx_word' id='word_1_371' title='bbox 697 3656 817 3718; x_wconf 71' lang='lat' dir='ltr'><strong>pietatm</strong></span> <span class='ocrx_word' id='word_1_372' title='bbox 826 3653 935 3706; x_wconf 61' lang='lat' dir='ltr'><strong>memmi</strong></span> <span class='ocrx_word' id='word_1_373' title='bbox 942 3655 1068 3714; x_wconf 72' lang='lat' dir='ltr'><strong>octaua,</strong></span> <span class='ocrx_word' id='word_1_374' title='bbox 1076 3660 1101 3706; x_wconf 78' lang='lat' dir='ltr'><strong>et</strong></span> 
     </span>
     <span class='ocr_line' id='line_1_46' title="bbox 417 3726 721 3790; baseline -0.007 -14"><span class='ocrx_word' id='word_1_375' title='bbox 417 3729 452 3776; x_wconf 84' lang='lat' dir='ltr'><strong>ud</strong></span> <span class='ocrx_word' id='word_1_376' title='bbox 463 3727 565 3790; x_wconf 72' lang='lat' dir='ltr'><strong>prooim</strong></span> <span class='ocrx_word' id='word_1_377' title='bbox 576 3726 721 3788; x_wconf 65' lang='lat' dir='ltr'><strong>redigendo.</strong></span> 
     </span>
    </p>
   </div>
   <div class='ocr_carea' id='block_1_12' title="bbox 55 3832 1099 4114">
    <p class='ocr_par' dir='ltr' id='par_1_21' title="bbox 55 3832 1099 4047">
     <span class='ocr_line' id='line_1_47' title="bbox 79 3832 1099 3910; baseline 0.007 -25"><span class='ocrx_word' id='word_1_378' title='bbox 79 3832 161 3891; x_wconf 82' lang='lat' dir='ltr'><strong>Panno.</strong></span> <span class='ocrx_word' id='word_1_379' title='bbox 170 3843 244 3892; x_wconf 85' lang='lat' dir='ltr'><strong>-iix</strong></span> <span class='ocrx_word' id='word_1_380' title='bbox 259 3845 348 3906; x_wconf 87' lang='lat' dir='ltr'><strong>primis</strong></span> <span class='ocrx_word' id='word_1_381' title='bbox 359 3842 437 3903; x_wconf 73' lang='lat' dir='ltr'><strong>huius</strong></span> <span class='ocrx_word' id='word_1_382' title='bbox 448 3843 537 3903; x_wconf 79' lang='lat' dir='ltr'><strong>capitis</strong></span> <span class='ocrx_word' id='word_1_383' title='bbox 553 3841 665 3890; x_wconf 79' lang='lat' dir='ltr'><strong>versibus</strong></span> <span class='ocrx_word' id='word_1_384' title='bbox 683 3838 810 3888; x_wconf 84' lang='lat' dir='ltr'><strong>discamus</strong></span> <span class='ocrx_word' id='word_1_385' title='bbox 824 3850 912 3888; x_wconf 85' lang='lat' dir='ltr'><strong>omnes</strong></span> <span class='ocrx_word' id='word_1_386' title='bbox 927 3842 1022 3910; x_wconf 85' lang='lat' dir='ltr'><strong>quanto</strong></span> <span class='ocrx_word' id='word_1_387' title='bbox 1038 3852 1099 3892; x_wconf 82' lang='lat' dir='ltr'><strong>cnm</strong></span> 
     </span>
     <span class='ocr_line' id='line_1_48' title="bbox 55 3901 1099 3972; baseline 0.014 -26"><span class='ocrx_word' id='word_1_388' title='bbox 55 3901 149 3959; x_wconf 85' lang='lat' dir='ltr'><strong>tremore</strong></span> <span class='ocrx_word' id='word_1_389' title='bbox 160 3909 266 3962; x_wconf 87' lang='lat' dir='ltr'><strong>salutem</strong></span> <span class='ocrx_word' id='word_1_390' title='bbox 282 3917 395 3962; x_wconf 83' lang='lat' dir='ltr'><strong>nostram</strong></span> <span class='ocrx_word' id='word_1_391' title='bbox 411 3911 546 3960; x_wconf 86' lang='lat' dir='ltr'><strong>dcheamns</strong></span> <span class='ocrx_word' id='word_1_392' title='bbox 558 3913 672 3972; x_wconf 85' lang='lat' dir='ltr'><strong>operari;</strong></span> <span class='ocrx_word' id='word_1_393' title='bbox 685 3909 733 3958; x_wconf 87' lang='lat' dir='ltr'><strong>hac</strong></span> <span class='ocrx_word' id='word_1_394' title='bbox 745 3910 772 3957; x_wconf 89' lang='lat' dir='ltr'><strong>in</strong></span> <span class='ocrx_word' id='word_1_395' title='bbox 785 3921 812 3958; x_wconf 88' lang='lat' dir='ltr'><strong>ro</strong></span> <span class='ocrx_word' id='word_1_396' title='bbox 827 3908 859 3957; x_wconf 86' lang='lat' dir='ltr'><strong>dc</strong></span> <span class='ocrx_word' id='word_1_397' title='bbox 872 3907 943 3957; x_wconf 88' lang='lat' dir='ltr'><strong>nullo</strong></span> <span class='ocrx_word' id='word_1_398' title='bbox 957 3908 1031 3959; x_wconf 80' lang='lat' dir='ltr'><strong>nohis</strong></span> <span class='ocrx_word' id='word_1_399' title='bbox 1048 3923 1099 3961; x_wconf 87' lang='lat' dir='ltr'><strong>un·</strong></span> 
     </span>
     <span class='ocr_line' id='line_1_49' title="bbox 56 3978 1052 4047; baseline 0.001 -17"><span class='ocrx_word' id='word_1_400' title='bbox 56 3979 121 4029; x_wconf 82' lang='lat' dir='ltr'><strong>luam</strong></span> <span class='ocrx_word' id='word_1_401' title='bbox 133 3979 309 4031; x_wconf 83' lang='lat' dir='ltr'><strong>blandiendum</strong></span> <span class='ocrx_word' id='word_1_402' title='bbox 316 4001 323 4043; x_wconf 90' lang='lat'>;</span> <span class='ocrx_word' id='word_1_403' title='bbox 336 3981 396 4031; x_wconf 86' lang='lat' dir='ltr'><strong>crim</strong></span> <span class='ocrx_word' id='word_1_404' title='bbox 407 3982 484 4030; x_wconf 85' lang='lat' dir='ltr'><strong>etiam</strong></span> <span class='ocrx_word' id='word_1_405' title='bbox 498 3981 529 4029; x_wconf 90' lang='lat' dir='ltr'><strong>oh</strong></span> <span class='ocrx_word' id='word_1_406' title='bbox 540 3981 597 4042; x_wconf 81' lang='lat' dir='ltr'><strong>ipsa</strong></span> <span class='ocrx_word' id='word_1_407' title='bbox 611 3980 656 4030; x_wconf 83' lang='lat' dir='ltr'><strong>liei</strong></span> <span class='ocrx_word' id='word_1_408' title='bbox 666 3978 816 4047; x_wconf 26' lang='lat' dir='ltr'><strong>dona&#39;nobis</strong></span> <span class='ocrx_word' id='word_1_409' title='bbox 830 3980 864 4029; x_wconf 88' lang='lat' dir='ltr'><strong>sit</strong></span> <span class='ocrx_word' id='word_1_410' title='bbox 877 3979 1052 4031; x_wconf 83' lang='lat' dir='ltr'><strong>metuendum.</strong></span> 
     </span>
    </p>

    <p class='ocr_par' dir='ltr' id='par_1_22' title="bbox 82 4040 1097 4114">
     <span class='ocr_line' id='line_1_50' title="bbox 82 4040 1097 4114; baseline -0.003 -10"><span class='ocrx_word' id='word_1_411' title='bbox 82 4040 194 4112; x_wconf 76' lang='lat' dir='ltr'><strong>iuius,</strong></span> <span class='ocrx_word' id='word_1_412' title='bbox 208 4054 234 4100; x_wconf 87' lang='lat' dir='ltr'><strong>et</strong></span> <span class='ocrx_word' id='word_1_413' title='bbox 244 4051 320 4114; x_wconf 83' lang='lat' dir='ltr'><strong>quam</strong></span> <span class='ocrx_word' id='word_1_414' title='bbox 333 4050 484 4114; x_wconf 79' lang='lat' dir='ltr'><strong>nonantoaia</strong></span> <span class='ocrx_word' id='word_1_415' title='bbox 495 4048 624 4100; x_wconf 61' lang='lat' dir='ltr'><strong>Mucialis</strong></span> <span class='ocrx_word' id='word_1_416' title='bbox 632 4049 705 4101; x_wconf 78' lang='lat' dir='ltr'><strong>ilico</strong></span> <span class='ocrx_word' id='word_1_417' title='bbox 717 4049 839 4114; x_wconf 68' lang='lat' dir='ltr'><strong>prasenti</strong></span> <span class='ocrx_word' id='word_1_418' title='bbox 851 4046 954 4101; x_wconf 85' lang='lat' dir='ltr'><strong>inerunt</strong></span> <span class='ocrx_word' id='word_1_419' title='bbox 963 4048 1097 4104; x_wconf 73' lang='lat' dir='ltr'><strong>israelitci</strong></span> 
     </span>
    </p>
   </div>
   <div class='ocr_carea' id='block_1_13' title="bbox 0 0 1284 4450">
    <p class='ocr_par' dir='ltr' id='par_1_23' title="bbox 0 0 1284 4450">
     <span class='ocr_line' id='line_1_51' title="bbox 0 0 1284 4450; baseline 0 2"><span class='ocrx_word' id='word_1_420' title='bbox 0 0 1284 4450; x_wconf 95' lang='lat' dir='ltr'><strong> </strong></span> 
     </span>
    </p>
   </div>
  </div>
 </body>
</html>
