2559 4450
252 272 438 335 nimi
455 278 675 339 lfflflsffloa
693 282 775 338 CAR.
794 282 874 339 ΙΠ.
1046 281 1103 337 tta

22 530 1094 585 *ΰῦκῆθκψφῠΜυηηθἈκκκκκωκκκκηηηρηκκηῃκ

101 738 365 840 tntirsrs
385 712 1035 893 ctptrtsuhcttttouusii.

511 1004 642 1033 W

21 1155 88 1253 Ex
101 1193 234 1256 euticie
250 1191 393 1251 charitatis
404 1195 564 1253 excellentia
573 1194 602 1253 in
614 1188 705 1268 capite
716 1194 826 1258 decimo
837 1191 937 1264 terlio,

513 1348 604 1389 tutuo.

60 1468 216 1526 Concludit
234 1468 396 1524 charitatem
417 1476 481 1525 ante
495 1470 588 1525 omnia
606 1469 821 1525 desiderandam
839 1485 919 1537 esse,
939 1474 967 1525 et
987 1469 1094 1525 ardenti

22 1558 138 1609 conatu
154 1552 346 1607 insectandam
364 1554 552 1609 :charismata
567 1559 661 1609 aulem
673 1568 708 1609 ex
722 1556 855 1609 charitate
872 1549 1042 1624 appetenda,
1061 1568 1095 1610 ac

22 1638 157 1693 maxime
164 1637 351 1706 prophetiam.

502 1748 627 1791 sueuubo.

60 1872 160 1927 llultis
170 1871 342 1939 rationibus,
355 1877 383 1926 et
394 1870 620 1925 similitudinibus
631 1872 732 1940 probat
744 1873 760 1926 a
772 1874 799 1941 i.
813 1876 845 1938 2,
859 1873 996 1939 usquead
1010 1874 1036 1941 i.
1046 1876 1091 1938 25,

23 1956 210 2024 prophetiam
229 1958 305 2011 dono
327 1957 500 2025 linguarum,
522 1969 578 2023 quo
597 1956 716 2009 maxime
734 1956 924 2025 gloriabantur
944 1956 1091 2023 Corinthii,

24 2040 236 2108 praeferendam
246 2053 317 2094 esse.

60 2125 138 2189 Quia
148 2124 241 2178 utilior
252 2130 294 2177 est
306 2123 342 2177 ad
351 2122 580 2187 aedificationem,
593 2122 620 2192 i.
630 2124 663 2187 ⁸2,
677 2136 768 2189 usque
779 2121 869 2175 adtb.

59 2208 166 2263 Utilior
174 2207 211 2260 ad
222 2207 377 2262 orationem
386 2228 399 2274 ,·
408 2211 467 2262 tum
478 2206 626 2274 privatam,
641 2212 700 2260 tum
709 2206 863 2275 publicam,
875 2204 891 2259 h
902 2205 930 2275 ᾗ.
947 2208 992 2260 tt.
1003 2219 1094 2274 usque

24 2293 62 2345 ad
76 2295 126 2345 tt.
400 2297 402 2303 ⁴

61 2376 109 2428 Ab
121 2374 239 2428 utilitate
253 2375 354 2427 Paulus
366 2373 499 2440 dijudicat
508 2373 543 2428 de
552 2373 649 2440 donis,
663 2378 691 2427 et
705 2372 862 2428 Corinthios
876 2372 1002 2427 hortatur
1012 2374 1093 2428 utsi-

24 2461 135 2512 militer
146 2457 291 2525 judicent,
305 2460 332 2528 i.
345 2461 399 2523 48,
413 2461 464 2522 te,
480 2461 525 2512 90.
639 2453 643 2460 '

62 2543 167 2596 Utilior
187 2541 322 2608 denique,
345 2543 411 2609 quia
428 2541 555 2594 fidelibus
577 2541 709 2608 prodest,
729 2545 757 2594 et
776 2540 946 2604 infidelibus,
968 2539 1092 2608 nullique

27 2631 116 2680 nocet
129 2638 254 2693 unquam
267 2640 274 2678 ε
291 2623 396 2678 donum
408 2627 473 2678 verb
485 2625 659 2692 linguarum,
672 2624 749 2691 quod
761 2627 873 2691 propter
885 2622 1010 2676 infideles
1021 2637 1093 2677 eon·

25 2710 182 2764 vertendos
191 2709 286 2763 datum
295 2709 481 2773 estEeelesiae,
493 2709 545 2760 illis
557 2722 730 2776 nonsemper
739 2707 867 2776 prodest;
877 2707 934 2760 imd
942 2706 1091 2776 aliquando

26 2793 458 2849 nocetintidelibusetfldelibus
469 2793 581 2857 idiotis,
593 2791 609 2846 d
621 2806 702 2846 versu
713 2795 758 2846 at.
773 2805 865 2860 usque
876 2791 913 2845 ad
923 2793 968 2844 26.

513 2944 617 2985 lausto.

63 3069 180 3126 undum
198 3067 352 3137 praeseribit
370 3067 535 3136 Apostolus,
555 3081 611 3133 quo
631 3065 660 3118 in
678 3063 801 3120 Ecclesia
817 3063 899 3117 donis
914 3062 967 3117 illis
986 3056 1028 3118 uti
1042 3065 1092 3119 de-

27 3158 162 3291 beil'rritmb
174 3233 269 3288 statuit
281 3234 311 3286 iu
320 3247 431 3300 genere,
444 3238 475 3286 ut
488 3233 540 3284 illis
551 3231 587 3285 ab
601 3229 731 3282 Ecclesiae
742 3228 954 3281 aedificationem
966 3233 1090 3283 utantur.

66 3318 199 3376 seeundo
215 3318 288 3371 circa
300 3316 406 3370 denum
417 3317 573 3383 linguarum
590 3312 700 3376 statuit,
716 3317 748 3364 ot
763 3311 833 3376 duo,
849 3316 897 3364 aut
905 3317 962 3365 tres
971 3311 1007 3364 ad
1018 3327 1092 3365 sum·

27 3421 126 3470 mum,
139 3401 295 3457 successive
305 3403 470 3468 loquantur,
485 3406 511 3452 et
523 3413 597 3451 uuus
607 3397 821 3462 interpretetur:
836 3394 913 3461 quod
928 3395 952 3447 si
963 3394 1036 3448 desit
1045 3397 1091 3448 in-

29 3500 156 3557 terpres,
169 3490 260 3540 taceat
270 3485 315 3538 ille
330 3485 378 3551 qui
389 3485 545 3552 linguarum
558 3482 664 3536 donum
673 3479 766 3533 habet.

68 3571 162 3627 Tertio
181 3570 255 3624 eirca
273 3568 379 3623 donum
396 3567 548 3634 prophetiae
566 3565 661 3619 statuit
679 3565 708 3616 in
726 3563 798 3627 duo,
811 3568 859 3616 aut
879 3567 936 3616 tres
948 3563 1092 3630 propheta

29 3655 188 3712 successive
198 3654 366 3720 loquentur:
380 3650 473 3704 caeteri
484 3649 549 3702 verb
558 3649 701 3714 prophetae
710 3646 869 3700 discernant
879 3646 1044 3714 aejudieeut
1055 3647 1092 3700 de

30 3758 66 3796 eo
79 3737 183 3808 quodi
196 3733 428 3806 prophetantibus
436 3731 550 3795 dieitur,
565 3733 592 3799 i.
602 3723 652 3795 nt,
665 3734 716 3795 28,
729 3733 776 3784 29.

66 3822 148 3887 Quod
161 3821 185 3874 si
197 3817 406 3885 tunetemporis
415 3827 487 3868 nova
497 3813 543 3867 irat
553 3815 634 3867 elicui
650 3814 822 3867 audientium
837 3813 985 3880 revelatio,
1000 3817 1092 3879 taceat

32 3910 82 3978 qui
93 3903 291 3975 prophetabat,
305 3907 332 3956 et
343 3901 409 3954 huie
425 3899 472 3952 dei
483 3898 576 3951 locum
588 3937 595 3962 ,
609 3912 662 3950 nec
677 3896 751 3951 dicat
762 3900 838 3950 :Non
850 3911 966 3964 possum
976 3903 1068 3953 tacere
1081 3915 1090 3954 e

33 3991 173 4064 siquidem
181 3989 295 4060 spiritus
302 3984 454 4056 prophetie
464 3982 604 4054 subjectus
613 3986 656 4038 est
662 3982 820 4052 prophetis,
828 3981 857 4052 i.
866 3983 914 4051 tto,
923 3984 955 4036 st
966 4021 975 4049 ,
985 3985 1034 4050 zi,
1044 3985 1090 4038 a&
