2559 4450
175 282 229 337 ste
412 334 415 340 ,
470 274 675 340 salsum
694 274 742 331 ΑΒ
759 272 947 333 1101111108

174 476 1241 514 mmmmssmmssmm

370 672 629 764 ANALYSIS
657 676 866 760 CAPITIS
895 675 1044 760 NONI.

651 897 758 913 m

176 1006 382 1103 Exeiieotibus
392 1046 485 1102 Sancti
493 1042 627 1113 spiritns,
636 1044 673 1098 de
682 1042 786 1111 quibus
794 1042 824 1096 in
833 1057 896 1110 cap.
909 1047 936 1098 8.
947 1049 975 1098 et
983 1043 1032 1110 qui
1041 1043 1071 1096 in
1079 1042 1249 1098 Christianis

176 1131 284 1186 tantbm
294 1136 374 1185 erant
385 1130 542 1197 conspicui,
555 1141 613 1181 non
625 1133 719 1180 autem
728 1127 756 1180 in
768 1127 871 1181 Judaeis
882 1128 972 1194 legem
982 1126 1130 1180 Mosaicam
1144 1127 1249 1179 obser-

176 1216 321 1281 vantibus,
334 1215 461 1281 sequitur
472 1213 619 1266 manifeste
635 1212 711 1264 solos
722 1211 893 1266 Christianos
908 1212 972 1264 rere
984 1209 1153 1277 justificatos
1165 1225 1247 1272 esse,

176 1299 205 1352 in
216 1299 263 1351 ria
274 1298 371 1350 salutis
382 1304 457 1362 esse,
471 1302 499 1351 et
513 1299 719 1362 consequenter
733 1297 798 1349 rere
807 1295 941 1362 populum
952 1294 1016 1358 Dei3
1028 1293 1141 1348 Judaeos
1150 1300 1250 1346 autem

175 1395 229 1436 neo
239 1382 268 1435 in
276 1382 322 1434 ria
329 1381 447 1448 justitie
457 1385 486 1433 et
498 1379 594 1432 saluus
605 1393 685 1445 esse,
699 1391 753 1432 neo
764 1377 883 1445 ampliirs
893 1379 1027 1444 populum
1039 1377 1098 1431 Dei.
1163 1418 1168 1424 .

210 1469 338 1518 llaneex
349 1463 478 1516 doctrina
495 1477 547 1516 sua
561 1464 705 1530 sequelam
723 1463 880 1516 evidentem
896 1474 1058 1528 supponens
1073 1463 1106 1516 1).
1125 1464 1246 1526 Paulus,

176 1549 307 1616 illamque
319 1547 423 1602 ludaeis
433 1547 503 1614 ipsis
515 1552 611 1601 notam
628 1562 691 1602 esse
703 1547 808 1612 sciens,
820 1546 913 1600 verbis
924 1559 981 1598 nou
992 1543 1121 1612 exprimit
1128 1563 1137 1610 ;
1151 1547 1204 1598 sed
1217 1553 1248 1598 ut

178 1633 284 1684 tristem
293 1631 365 1684 hane
375 1631 530 1697 veritatem,
544 1631 680 1699 quantum
694 1637 735 1686 est
749 1631 779 1683 in
794 1645 839 1695 se,
852 1629 937 1683 leniat
951 1629 1030 1683 initio
1049 1629 1133 1698 hujus
1144 1632 1247 1700 capitis

176 1729 259 1772 suum
269 1728 336 1783 erga
347 1728 397 1768 eos
404 1713 534 1772 allectum
544 1717 655 1772 exhibet
664 1729 754 1786 usque
763 1714 799 1771 acl
810 1715 841 1784 1.·
849 1715 876 1771 6.

654 1851 745 1890 rntllo.

210 1949 308 2013 ltaque
319 1943 418 1999 asserit
427 1948 455 1998 et
463 1943 556 2012 jurat,
569 1945 647 2013 quod
660 1945 696 1999 ob
708 1945 762 2003 hoo
771 1944 864 2014 ipsum
872 1945 992 2000 maxime
1003 1943 1095 2010 dolet;
1108 1943 1246 1998 nimirum

176 2030 348 2097 qnodludaei
360 2029 416 2082 sint
427 2029 586 2083 extrariam
597 2030 707 2094 salutis,
718 2030 798 2083 abeo
812 2029 922 2096 rejecti,
932 2043 985 2084 neo
994 2027 1113 2097 amplius
1120 2030 1247 2097 populus

176 2113 225 2169 nei
232 2153 240 2184 ‚
253 2115 416 2188 nullumque
429 2114 465 2169 sit
476 2114 506 2168 ln
516 2114 586 2187 ipsis
597 2113 794 2180 verasjustltiae
805 2115 925 2184 signum.

643 2248 767 2291 βΕὓΰΝὓΟι

212 2344 316 2400 inerit
327 2345 355 2415 1.
365 2346 392 2399 6.
406 2357 465 2400 non
478 2344 543 2400 ideo
556 2344 692 2401 excidisse
702 2344 818 2402 verbum
833 2342 895 2409 Dei,
912 2356 964 2397 nec
975 2344 1136 2399 iudaeorum
1148 2344 1244 2400 incre-

176 2428 321 2485 dulitatem
332 2443 482 2483 evacuasse
493 2430 694 2499 promissiones
707 2428 823 2483 lbrahae
838 2428 925 2485 factas
941 2446 948 2481 ε
962 2430 1028 2495 qnia
1039 2430 1109 2485 tales
1119 2432 1245 2497 promis-

176 2513 271 2567 siones
281 2512 360 2566 iactae
371 2518 437 2567 sunt
449 2514 566 2567 Abrahae
573 2528 625 2579 pro
633 2512 822 2580 spiritualibus
829 2511 890 2579 ejus
898 2512 975 2578 liliis,
985 2528 1041 2568 nou
1050 2528 1102 2581 pro
1111 2516 1245 2569 omnibus

176 2596 333 2649 carnalibus
344 2598 408 2649 liliis
419 2598 447 2665 i.
461 2599 491 2660 6,
502 2600 572 2659 ’1,8.

210 2682 288 2731 lianc
299 2680 482 2732 assertionem
493 2678 610 2745 probat,
621 2684 682 2731 tum
694 2692 728 2733 ex
736 2680 804 2748 ipsis
816 2680 1009 2749 promissionis
1016 2681 1123 2748 serbis,
1134 2696 1200 2750 quae
1209 2684 1244 2736 ad

177 2765 254 2814 isaac
264 2759 387 2825 tantum,
402 2762 598 2828 promissionis
616 2763 717 2819 Filium
729 2765 896 2831 limitantur,
910 2766 1026 2819 ismaele
1037 2766 1158 2819 excluso.
1172 2768 1201 2834 1.
1215 2772 1243 2821 9.

176 2851 237 2900 tum
254 2844 380 2910 exemplo
399 2844 521 2899 liliorum
537 2849 628 2912 Isaac,
648 2862 769 2915 quorum
787 2849 989 2917 primogenitus
1008 2854 1098 2915 Esau,
1116 2850 1244 2917 privatur

175 2926 384 2993 benedictione,
398 2944 485 2997 quam
497 2932 596 2998 recipit
610 2932 710 2996 Jacob,
739 2932 786 2999 Jus
797 2934 870 2987 iilius
885 2939 952 2987 natu
961 2934 1068 2999 minor,
1080 2938 1108 2987 et
1117 2933 1173 2987 hoo
1186 2949 1243 2986 non

176 3012 214 3066 ob
225 3012 339 3078 merita,
351 3012 401 3066 sed
417 3014 454 3067 ob
463 3015 515 3067 Dei
526 3016 708 3069 voluntatem.
763 3056 771 3081 ,
788 3021 838 3080 ll,
851 3020 901 3081 lb,
915 3022 960 3071 15.

212 3096 324 3149 Talibus
335 3098 469 3165 exemplis
477 3104 553 3165 patet
564 3098 709 3153 evidenter
717 3098 793 3167 qnod
805 3114 861 3159 non
874 3115 972 3155 omnes
983 3101 1108 3158 carnales
1116 3100 1182 3166 tilii,
1194 3101 1242 3153 sed

174 3182 370 3250 promissionis
381 3182 443 3235 Filii
455 3181 559 3249 solum,
572 3190 637 3236 sunt
650 3186 707 3237 veri
722 3184 770 3237 lilii
783 3185 917 3249 Abrahae,
937 3186 973 3239 ad
985 3200 1057 3253 quos
1071 3190 1178 3253 spectat
1193 3180 1240 3238 boi

176 3266 342 3334 promissio:
355 3271 383 3319 et
395 3264 461 3319 inde
468 3266 654 3333 colligendum
662 3268 793 3335 relinquit
801 3270 962 3335 Apostolus,
974 3270 1065 3337 primb
1076 3284 1135 3323 non
1145 3284 1241 3323 omnes

176 3350 288 3403 ludaeos
296 3364 358 3403 esse
366 3350 439 3403 lilios
448 3348 579 3414 Abrahae,
591 3351 640 3404 sed
648 3351 829 3418 quioredunt.
837 3348 967 3407 Secundo
977 3352 1240 3419 Gentileslicetnon

177 3448 210 3486 ex
224 3434 331 3488 semine
343 3426 479 3499 Abrabae,
494 3448 546 3501 per
559 3434 645 3486 iidem
661 3440 754 3489 tamm
771 3436 859 3489 iactos
873 3450 935 3489 esse
952 3438 1109 3503 spirituales
1125 3438 1241 3491 Abrabae

177 3517 266 3583 tilios,
279 3523 308 3571 et
318 3517 422 3570 ludaeis
432 3518 576 3584 praelatos,
589 3530 649 3570 non
661 3518 698 3571 ob
708 3519 820 3585 merita,
833 3519 884 3573 sed
898 3519 934 3573 ob
946 3520 997 3573 bei
1005 3518 1170 3577 bonitatem.

658 3643 763 3684 rsnrlo.

212 3736 318 3790 Asserit
327 3735 355 3804 5.
367 3738 413 3788 ll.
423 3736 527 3789 nullam
537 3742 687 3805 propterea
698 3752 759 3792 esse
770 3738 799 3792 in
810 3741 867 3793 beo
883 3738 1063 3805 injustitiam,
1076 3737 1135 3792 sire
1146 3739 1183 3793 ob
1194 3744 1239 3795 la-

177 3820 241 3876 cohi
251 3819 441 3885 praelationem
458 3832 516 3883 prae
527 3823 614 3886 Esau,
628 3822 686 3875 sive
698 3822 735 3876 ob
749 3814 939 3889 praelationem
953 3822 1173 3877 Christianorum
1184 3838 1238 3891 pre

179 3902 295 3974 ludaeis3
306 3916 371 3967 qula
382 3915 484 3968 nempe
498 3916 571 3969 opus
583 3910 748 3973 utrumque,
762 3922 833 3975 opus
844 3913 887 3963 est
903 3906 1119 3999 misericordiae3
1132 3910 1237 3964 miseri-

178 3982 275 4042 cordia
284 3988 377 4039 autem
386 3984 451 4040 iit
426 3999 453 4041 er
464 3984 514 4056 qui
526 3985 618 4051 placet
632 3990 800 4045 miserenti.-
