2559 4450
253 285 425 341 rsrrsnx
442 246 772 344 anrosrrroJosr.
791 286 858 342 rm
1037 287 1088 342 ur

26 391 90 434 uere
103 377 269 448 innuptam,
281 388 330 436 aut
344 383 404 444 viro
417 396 468 438 suo
491 385 579 434 rentur
587 421 595 446 ,
604 387 725 436 mmeant
741 383 856 446 cahom,
867 383 912 434 aut
922 380 1091 436 reconcilien-

25 456 209 512 reconciliari.
232 461 266 512 Et
286 459 328 513 rir
352 474 469 515 uxorem
491 455 543 502 ²¹¹1·

26 545 79 590 non
94 533 227 589 dimittat.

57 615 100 665 12.
113 615 187 667 Nam
198 615 305 669 caeteris
315 629 367 683 ego
383 617 466 681 dieo,
521 617 592 678 Quod
612 620 708 682 spectat
728 617 762 667 ad
783 616 861 680 allos,
873 617 971 669 scillcet
983 616 1092 681 disparis

25 701 79 740 non
99 691 247 746 Dominus,
261 693 290 747 Si
304 693 368 762 quis
384 694 469 748 frater
491 687 549 736 ildel
565 689 727 748 conjugatos,
741 687 856 736 Christus
867 687 990 738 Dominus
1001 687 1032 736 de
1049 691 1091 737 ta-

24 779 138 822 urorem
159 767 245 824 haber
268 769 425 836 infidelem,
441 775 469 824 ep
491 755 557 806 libus
569 754 633 805 nihil
645 756 779 836 praecepit3
790 755 907 836 hincego
923 755 1024 806 bomini
1036 755 1091 819 Spl-

24 840 80 898 haec
97 846 242 900 consenti,
260 846 385 904 habim
404 862 468 903 cum
491 829 541 876 ritu
557 828 643 874 motus
663 824 720 874 drco
735 823 780 873 :Sl
791 835 847 884 qurs
859 823 1017 874 Christianus
1029 836 1092 874 uxo·

490 909 546 946 rem
556 895 648 945 habeat
660 892 860 951 idololatridam,
872 898 898 942 et
910 893 965 944 hnc
975 907 1035 947 cum
1046 893 1091 948 rito

25 918 85 990 illo,
96 937 158 978 non
171 923 291 979 amittat
306 925 390 981 iham.
490 965 604 1016 murare
620 964 762 1022 coruum,
774 974 827 1014 nou
837 960 949 1012 domtus
961 974 1028 1014 eam.

26 1121 216 1198 uxornseparata
226 1114 303 1166 inerit
317 1116 399 1168 astro
411 1128 458 1167 suo
468 1153 476 1178 ‚
488 1117 533 1166 aut
546 1115 649 1166 manmt
669 1111 758 1164 celebs
770 1149 778 1174 ,
791 1115 837 1163 ant
847 1125 907 1163 cum
919 1113 975 1164 vtro
987 1126 1035 1164 suo
1047 1126 1104 1165 rs-.

26 1185 256 1318 collcicerlnetilntelligs
269 1256 301 1306 de
313 1258 387 1317 rlro;
407 1257 478 1318 paria
496 1253 590 1306 etenim
609 1255 728 1316 utrinque
748 1254 816 1314 jura.
831 1251 947 1316 Eligant,
971 1255 1016 1305 aut
1030 1254 1090 1314 lure

27 1327 131 1388 conjugii
143 1339 198 1375 non
212 1327 266 1388 uti,
278 1329 324 1375 aut
334 1325 504 1376 reconciliari.
529 1381 532 1384 ,
645 1388 649 1392 ι

52 1393 167 1445 Christus
180 1395 304 1446 Dominus
317 1395 361 1445 hle
372 1433 378 1456 ,
391 1397 458 1445 sicut
471 1394 550 1456 alibi,
565 1393 622 1457 [ecit
631 1399 654 1443 ct
666 1393 759 1443 docuit.
771 1391 911 1442 Ecclesiam
923 1394 993 1443 enlm
1010 1405 1089 1456 spon-

27 1473 179 1524 sensuam,
196 1466 224 1515 lu
238 1477 284 1514 suo
298 1465 421 1527 sanguine
439 1464 535 1525 lotam,
548 1464 595 1513 slbl
608 1463 735 1525 copulavit
753 1463 780 1510 ln
794 1464 927 1512 aternum.
940 1462 991 1512 lieo
1001 1461 1089 1512 Eccle-

26 1533 83 1580 siam
103 1533 213 1583 dimittit
225 1533 340 1583 Christus
354 1545 488 1594 unquam,
505 1545 553 1582 nec
573 1531 704 1581 Christum
724 1531 837 1581 Ecclesia
857 1531 962 1582 deseret.
987 1531 1090 1594 Hocque

26 1597 84 1651 iacto
98 1601 175 1652 docet
189 1604 214 1652 et
228 1605 353 1666 precepto
372 1603 519 1663 conjugatos
534 1601 702 1650 insolubiliter
720 1603 796 1651 uniri.

54 1677 245 1727 sacromentum
257 1677 318 1736 boc,
332 1679 504 1738 matrimonii,
517 1689 639 1739 moenum
655 1681 706 1734 est,
720 1679 757 1726 alt
770 1674 903 1738 Apostolus
916 1695 923 1727 ι
937 1678 991 1740 Epo
1004 1682 1089 1727 cuum

28 1743 75 1792 dico
87 1747 114 1794 iu
133 1748 232 1797 Christo
244 1752 267 1797 ct
279 1748 307 1796 io
321 1747 462 1797 Ecclesia...
474 1747 557 1796 Sacrae
574 1745 668 1796 Christi
680 1759 739 1794 cum
752 1747 862 1796 Ecclesia
875 1748 978 1796 unionis
990 1747 1089 1798 insolu-

27 1812 77 1864 bilis
89 1816 257 1868 honorarium
268 1819 370 1878 signum
381 1821 419 1867 est
432 1813 646 1878 r'natrlrnonlum3
658 1820 684 1865 et
694 1818 722 1865 ln
734 1816 783 1866 hoe
796 1822 984 1868 sacramentum
994 1821 1041 1868 est.

55 1885 177 1948 conjuges
185 1888 262 1948 igitur
274 1886 320 1936 sud
331 1885 459 1936 insolubili
472 1889 582 1947 unione,
595 1899 641 1936 suo
651 1898 736 1936 amore
745 1889 857 1947 sincero,
867 1891 893 1937 et
906 1885 1089 1949 complacendi

29 1953 110 2003 nutui
121 1992 127 2015 ,
139 1955 209 2005 hanc
222 1957 356 2005 imitentur
368 1959 393 2004 et
401 1955 508 2005 ildellter
518 1955 653 2005 exhibeant
665 1955 758 2004 Christi
772 1957 893 2005 unionem
905 1969 965 2005 curn
975 1955 1088 2006 Ecclesia

31 2035 113 2082 sponsa
126 2037 182 2074 sua.
195 2025 306 2074 Careant
322 2037 354 2075 ne
370 2027 422 2075 sint
434 2027 505 2087 signa
518 2024 670 2084 mendacia,
682 2023 795 2084 tallacia;
808 2028 834 2073 et
848 2037 882 2074 ne
893 2025 987 2075 Christi
998 2028 1024 2074 et
1037 2025 1088 2076 lle·

32 2091 105 2144 clesiae
122 2095 174 2144 sint
188 2095 330 2158 opprobria.
349 2093 384 2144 lle
397 2094 438 2144 hls
456 2092 511 2144 fuse
522 2094 614 2160 Ephes.
631 2107 688 2157 cap.
703 2097 727 2144 5.
741 2097 767 2143 in
780 2094 840 2144 tine.

58 2177 93 2224 ii.
104 2177 171 2229 Num
180 2176 273 2227 catoris
281 2189 325 2240 epo
336 2177 405 2236 dico,
418 2189 468 2227 uon
477 2176 628 2227 Dominus...
640 2176 695 2227 hac
706 2177 782 2228 verba
792 2175 867 2227 multi
878 2176 911 2227 ad
920 2176 1088 2241 praecedentia

31 2244 91 2295 lun.
105 2252 128 2297 8.
142 2247 272 2310 referunt,
284 2246 423 2311 voluntque
439 2247 508 2298 hunc
525 2259 578 2299 esse
591 2260 711 2300 sensum:
726 2247 871 2309 conjugatis
879 2250 992 2312 precipit
1002 2248 1088 2301 bomi-

32 2327 90 2378 nus,
104 2331 156 2369 non
167 2330 230 2379 ego,
245 2322 294 2367 etc.
482 2358 486 2366 ,

57 2385 267 2450 emanantem
280 2387 377 2438 scillcet
388 2400 441 2438 non
453 2391 556 2453 nuptis,
570 2400 615 2450 ego
627 2387 746 2447 consulo,
760 2387 882 2437 murinus
895 2400 948 2451 non
957 2390 1086 2452 precipit,

33 2456 57 2501 ut
70 2456 169 2520 innupti
183 2461 359 2521 permaneant.
374 2457 531 2508 Fromondus
542 2459 578 2506 alt
591 2456 659 2519 quod
670 2456 821 2506 catherinus
833 2458 933 2519 primus
943 2456 997 2506 haro
1010 2457 1087 2509 rerba

32 2524 63 2571 sic
77 2524 198 2575 intellexit
216 2530 304 2577 eontra
320 2539 408 2576 ornnes
423 2530 528 2577 veteres.

58 2594 103 2644 Sed
115 2596 176 2645 edm
187 2596 253 2647 nihil
265 2596 296 2645 ad
309 2596 357 2647 hoc
369 2600 454 2658 cogat,
464 2601 525 2660 puio
537 2596 679 2646 naturalius
689 2634 696 2658 ,
705 2598 727 2645 si
739 2596 772 2645 ad
785 2599 915 2658 sequentia
926 2596 1083 2647 referantnra

33 2664 62 2711 ito
78 2668 105 2715 ut
119 2679 164 2729 per
184 2671 287 2716 caeteros
305 2666 477 2728 intelligantur
496 2669 622 2729 conjugati
643 2666 750 2729 disparis
770 2665 837 2715 tidel.
860 2666 897 2715 lta
916 2666 1038 2717 intellexit
1055 2668 1085 2717 b.

33 2731 89 2794 hug.
100 2736 167 2798 apud
177 2736 358 2786 Fromondum.
371 2738 406 2785 lta
418 2735 447 2785 b.
459 2736 610 2787 hnschnusz
624 2738 696 2799 quasi
705 2736 815 2787 diceret:
828 2735 863 2785 lle
874 2738 1014 2800 conjugatis
1025 2736 1087 2787 tide-

33 2799 90 2853 libus
100 2804 223 2857 hactenus
236 2809 288 2869 egi,
301 2811 330 2857 ut
343 2821 370 2857 n.
385 2809 408 2856 5.
425 2810 486 2857 satis
497 2808 626 2867 indicavi,
640 2807 742 2868 dicens,
753 2813 783 2856 ut
792 2809 884 2858 aucuia
894 2807 1004 2857 motioni
1014 2808 1087 2867 :jam

33 2876 120 2926 ceteris
133 2875 263 2938 loquertis
277 2878 401 2926 nimirum
412 2878 455 2938 qui
467 2879 527 2926 sunt
540 2876 647 2939 disparis
659 2876 717 2927 ildei
728 2913 736 2937 ,
749 2888 795 2927 seu
805 2889 915 2939 quorum
928 2889 995 2927 unus
1012 2875 1086 2928 Chri·

33 2943 121 2994 silanus
137 2950 190 3007 est,
207 2946 270 2996 alter
286 2958 408 3009 paganus.

59 3012 126 3065 Tunc
135 3054 142 3077 ‚
152 3018 185 3067 ad
194 3016 370 3079 Apostolorum
382 3017 600 3080 predicationem,
609 3017 722 3080 quoddls
733 3018 893 3080 contingebat
904 3021 931 3068 ut
945 3032 1014 3069 nnus
1023 3032 1086 3070 eon-

32 3081 166 3142 iuratorum
178 3087 290 3137 crederet
300 3089 327 3136 ln
341 3086 483 3149 Christum,
495 3088 615 3149 fieretque
626 3088 785 3137 Christianus
793 3108 802 3148 3
811 3088 875 3136 alter
883 3088 943 3137 verb
958 3091 986 3136 in
997 3088 1087 3138 inlide-

33 3147 95 3202 litate
112 3168 157 3205 sua
179 3161 329 3207 remaneret.
342 3157 406 3206 lllnc
420 3169 478 3219 ergo
492 3157 626 3206 ditiloulias
639 3158 782 3216 oriebatur,
798 3169 863 3205 num
876 3156 1034 3207 Christianus
1053 3158 1086 3206 ab

34 3221 118 3273 lnildcli
136 3226 237 3277 deberet
256 3226 400 3289 discedere,
416 3240 449 3277 an
470 3227 530 3277 verb
550 3225 669 3275 camillo
684 3237 841 3287 permanere.
857 3224 890 3273 Et
904 3225 1032 3286 probabile
1047 3232 1087 3277 est

34 3290 92 3349 quod
104 3293 170 3344 hanc
183 3294 356 3345 dilllcultatern
365 3295 489 3345 Corinthii
501 3309 545 3359 per
556 3295 654 3344 litteras
669 3307 727 3343 suas
738 3292 855 3356 Apostolo
867 3297 1053 3356 proposuerint.

59 3359 177 3421 Quartum
194 3376 251 3427 crgo
271 3364 394 3426 dublum,
411 3378 455 3415 seu
471 3370 559 3428 quarta
579 3366 694 3427 qnasno.

60 3442 112 3494 llus
134 3461 234 3505 rrnnsrs
256 3461 306 3497 cus
323 3462 436 3499 susinum
453 3460 595 3499 consueras
616 3461 655 3497 srr
670 3448 880 3496 rnnrssonusrssl
894 3446 1001 3497 -Nota
1017 3449 1085 3510 quod

35 3507 158 3565 difficultas
170 3520 203 3567 eit
216 3517 247 3567 de
260 3520 421 3568 matrimonio
434 3522 492 3567 anie
508 3518 566 3567 ildel
581 3518 765 3581 susceptionem
783 3518 931 3565 contracto:
947 3529 994 3566 nec
1014 3521 1085 3569 enlm

35 3576 94 3630 tideli
105 3583 175 3635 licuit
187 3600 246 3637 curn
257 3587 352 3637 inlideli
365 3588 528 3649 contrahere;
542 3588 585 3637 sed
596 3592 624 3636 ut
634 3590 661 3635 in
675 3586 725 3635 due
737 3587 826 3648 capitis
838 3584 901 3635 dicit
912 3587 965 3649 lpse
977 3586 1083 3649 Paulus,

37 3651 124 3702 nutum
136 3657 164 3705 iu
174 3658 296 3715 Domino,
309 3659 335 3707 id
345 3662 382 3707 est
391 3695 398 3719 ,
408 3657 474 3708 fideli
485 3662 510 3706 et
519 3660 576 3720 pio,
588 3660 616 3706 ut
627 3656 735 3718 explicat
745 3654 868 3705 rhemor.
879 3655 944 3706 ilino
955 3656 984 3706 h.
993 3656 1083 3720 Chrys.

36 3720 57 3763 et
67 3725 117 3779 posi
127 3736 185 3775 eum
198 3726 291 3775 Theod.
305 3726 417 3790 Theoph.
430 3730 519 3776 notant
532 3725 599 3787 quod
612 3738 665 3774 non
676 3724 739 3774 dicit
751 3722 885 3787 Apostolus
896 3728 936 3775 :si
954 3728 1012 3788 quis
1028 3726 1084 3779 vult

37 3790 138 3850 accipere
148 3794 275 3844 infidelem
286 3816 293 3856 ;
308 3796 352 3846 ssd
366 3797 388 3845 u·
400 3796 456 3858 quia
469 3796 543 3845 trabat
554 3794 689 3857 infidelem.

63 3855 119 3909 Nota
129 3866 152 3911 ei
162 3863 228 3925 quod
238 3864 322 3915 cultris
333 3865 466 3928 disparitas
477 3864 591 3914 nondum
602 3864 718 3915 irritabat
728 3864 921 3914 matrimonium
932 3883 939 3914 ι
949 3865 1000 3917 hoe
1014 3869 1083 3921 euim

38 3933 81 3972 non
94 3928 107 3975 a
120 3930 147 3981 o.
162 3932 253 3993 Paulo,
265 3934 308 3985 sed
321 3935 353 3985 ab
366 3935 478 3985 Ecclesia
491 3933 540 3985 fuit
553 3935 707 3983 institutum.

64 3992 165 4053 Dubium
177 4003 334 4055 resoluturus
347 4004 497 4069 spostolus,
511 4005 582 4067 quasi
596 4003 714 4073 pretatur
733 4003 837 4054 dicens:
853 4004 918 4056 Nom
935 4008 1027 4059 mrsu
1038 4021 1083 4070 epo
