2559 4450
289 375 459 433 TBIPLEX
477 375 703 432 ExposlTIO.
723 377 804 434 dii.
824 381 890 434 Vll.
1084 383 1118 434 si

84 472 130 523 ld.
147 469 263 523 Scimus
278 469 354 526 enim
370 473 438 540 quia
454 474 498 528 lex
552 473 614 534 Lex,
629 475 748 534 iuquam,
760 477 846 523 sanctu
858 477 909 536 cst,
921 477 1016 536 atquae
1033 478 1119 525 sance

52 546 206 612 spiritualis
218 546 284 603 θείς
521 547 546 592 et
557 543 698 606 spiritualia
712 545 826 606 praecipit
841 561 848 591 r
864 543 931 594 *unde
943 556 1001 604 ergo
1013 555 1080 592 mors
1096 543 1119 592 el
1217 589 1226 602 ,

520 616 673 674 peccatum?
687 625 717 662 ex
728 617 826 662 natnrae
837 617 929 662 nostre
944 615 1120 674 corruptione,

519 695 576 743 que
592 685 852 744 monitumnonitum
873 684 986 750 spiritui„
1001 681 1045 732 sed
1063 694 1125 744 qua.

520 754 591 801 carni
609 752 719 814 placent.

51 815 106 878 Ego
119 816 216 865 antem
228 813 347 866 carnalis
358 826 436 883 sum,
450 831 497 871 re·
549 821 621 871 Hanc
638 825 737 870 nature
757 822 1031 883 corruptionemque
1050 824 1075 870 et
1090 823 1119 872 tu

50 890 195 944 mundatus
209 890 399 958 subpeccato.
518 892 613 939 sanctis
635 892 765 948 remanet,
788 889 857 938 lubet
880 891 907 938 in
929 902 986 937 mea
1011 902 1119 951 persona

517 957 588 1007 vobis
599 959 757 1018 exprimere:
775 956 825 1016 Ego
844 957 920 1015 igitur
935 955 1044 1016 Patulus,
1059 956 1118 1010 licet

516 1025 685 1087 liberalioris,
704 1025 765 1075 licdt
783 1025 829 1074 sub
846 1028 925 1086 gratia
947 1029 1117 1088 constitutus,

515 1093 576 1143 licet
596 1093 749 1156 Apostolus,
770 1098 795 1142 et
818 1092 905 1142 multis
920 1094 934 1141 a
951 1093 1000 1142 lico
1018 1093 1119 1146 dotatus

515 1160 652 1224 privilegiis
660 1180 668 1222 ;
683 1161 792 1212 carnalis
807 1165 978 1221 lemausum,
993 1165 1018 1210 ct
1034 1165 1118 1214 carnis

515 1233 631 1282 stimulos
641 1235 669 1282 ln
680 1231 777 1282 malurn
789 1234 915 1292 sentiens3
930 1232 1048 1292 illiusque
1062 1245 1118 1282 mo-
1164 1250 1168 1259 ·

513 1305 556 1351 tus
567 1315 633 1364 sape
645 1315 732 1365 cogor,
745 1302 804 1351 licit
818 1305 931 1362 inritus,
945 1305 970 1352 et
980 1301 1050 1351 velut
1063 1315 1117 1352 ser·

513 1383 561 1420 vus
574 1373 720 1433 emptitius,
736 1373 879 1420 sustinere:

79 1438 128 1491 15.
138 1435 222 1502 Quod
231 1435 306 1490 enirn
316 1448 427 1504 operor,
433 1450 492 1490 non
545 1438 651 1500 carnis,
664 1442 782 1502 inquam,
795 1453 853 1489 sum
863 1441 936 1500 quasi
947 1452 1048 1500 servus;
1063 1451 1116 1492 non

46 1591 86 1639 tris
98 1589 190 1638 lumen
201 1589 341 1649 corrumpit
351 1590 376 1636 et
387 1586 486 1648 inlicit;
500 1590 525 1637 et
535 1587 585 1637 bie
596 1587 658 1650 legis
670 1591 695 1638 ei
708 1585 851 1638 intellectis
869 1589 1045 1651 corruptione,
1060 1589 1116 1650 ipsa

46 1659 74 1707 iit
89 1657 222 1718 infectior,
234 1655 392 1718 sceleratior,
404 1661 430 1704 et
440 1657 642 1707 inexcusabilior.

77 1725 148 1775 ildeb
167 1727 281 1788 corrupti
300 1737 444 1786 quaeramus
461 1724 611 1786 medicum3
628 1725 755 1785 humiles,
775 1725 951 1786 tremebundi,
971 1727 1114 1788 gemeniet,

48 1798 141 1848 Christi
150 1799 258 1860 gratiam
269 1796 451 1859 imploremus,
463 1807 519 1858 quae
533 1797 585 1847 sola
602 1797 685 1846 cordis
702 1799 891 1859 corruptionem
908 1801 990 1847 suaet.

79 1889 118 1936 tt.
136 1886 236 1936 Scimus
249 1887 314 1935 enim
330 1886 393 1948 quic
405 1885 443 1934 icc
455 1885 599 1948 spiritualis
609 1890 652 1935 cst.
665 1885 720 1948 Syr.
731 1889 826 1935 scimus
840 1888 909 1936 enlm
920 1885 1000 1948 legem
1011 1884 1115 1948 spirttds

50 1971 101 2007 esse
115 1976 123 2006 ι
137 1959 191 2020 Ego
201 1956 263 2006 verb
274 1959 360 2008 carnis
372 1969 431 2006 snm
443 1960 469 2004 et
478 1955 597 2006 venditus
610 1969 668 2006 sum
679 1963 792 2019 peccato.

78 2027 170 2077 Probet
186 2027 268 2088 legem
285 2029 401 2075 sanctam
412 2037 479 2084 esse,
492 2028 517 2073 et
535 2037 587 2075 non
606 2037 709 2074 causam
732 2027 834 2085 mortis3
847 2023 972 2085 simulque
989 2026 1114 2074 rationem

50 2097 142 2154 reddit,
153 2097 186 2146 ob
198 2108 277 2157 quam
294 2108 325 2144 or
335 2095 388 2156 lege
399 2095 513 2156 sequitur
525 2095 540 2142 a
552 2094 604 2155 lege
616 2107 669 2142 non
681 2096 821 2154 intentum,
836 2093 933 2142 scillcet
945 2097 1078 2154 peccatum
1090 2098 1115 2143 et

49 2181 116 2217 mors
125 2186 134 2216 t
144 2167 197 2217 alia
207 2168 301 2229 quippe
313 2169 352 2215 est
361 2169 453 2215 natura
467 2163 545 2227 legis,
556 2164 606 2212 alia
617 2164 744 2224 bominis,
757 2165 833 2213 etiam
844 2165 905 2223 y'usti
916 2199 922 2222 ,
935 2165 960 2211 ct
972 2161 1019 2210 sub
1033 2166 1113 2223 gratia

51 2239 190 2287 constituti.
200 2236 251 2287 tex
261 2238 331 2285 enirn
338 2233 477 2298 spiritualis
485 2236 524 2283 est
530 2254 538 2295 3
550 2233 690 2295 spiritualia
700 2234 865 2295 precipiens,
875 2236 900 2280 et
909 2242 965 2293 qum
976 2232 1113 2294 spiritualis

50 2316 108 2359 sunt
117 2310 232 2359 hominis
241 2328 250 2369 ;
260 2308 381 2358 virtutem
394 2304 529 2369 amplecti,
543 2306 606 2353 vitia
618 2303 712 2364 ingere.
1058 2312 1064 2331 ι

78 2388 133 2446 Epo
148 2389 234 2433 ouem
245 2382 357 2432 cereolis
366 2394 432 2430 sum.
445 2380 567 2441 Loquitur
576 2378 620 2428 bic
632 2378 770 2441 inproprie
780 2380 937 2440 persona,et
948 2380 975 2427 in
989 2382 1055 2429 statu
1067 2392 1112 2431 suo

50 2457 182 2517 prasenti,
194 2458 224 2502 ut
238 2451 370 2503 Cornelius
382 2452 398 2499 d
410 2450 504 2516 lapide
524 2447 620 2519 colligit
637 2460 668 2497 ex
683 2448 801 2497 omnibus
816 2447 927 2511 Apostoli
945 2449 1041 2512 verbis,
1056 2464 1114 2511 qum

51 2530 110 2575 sunt
119 2524 151 2574 de
160 2525 295 2587 prasenti,
311 2525 337 2571 et
353 2524 382 2570 ut
396 2520 482 2572 Estius
497 2518 552 2570 iusi
567 2519 666 2583 probat.

80 2604 134 2662 Epo
143 2604 231 2653 cotem
245 2596 357 2647 coracio
366 2610 433 2645 sum.
445 2594 536 2657 idest,
548 2596 613 2646 vitio
625 2596 724 2645 natura
737 2592 877 2655 corrupta,
891 2604 980 2655 sequor
991 2606 1043 2644 non
1057 2606 1113 2655 qua

51 2670 165 2731 spiritui,
177 2667 221 2717 scd
232 2679 289 2729 qua
302 2668 372 2715 carni
385 2664 486 2727 placent
496 2685 502 2714 =
514 2667 671 2715 oenuadotus
682 2662 851 2727 sob'peccoto.
862 2664 904 2713 Gr.
913 2664 960 2713 sub
969 2667 1110 2727 peccatum.

52 2740 105 2800 Syr.
117 2742 143 2787 et
154 2736 273 2785 venditus
285 2748 344 2784 snm
354 2738 458 2797 peccato
470 2754 476 2782 :
488 2734 515 2784 id
532 2738 583 2795 est,
594 2734 712 2787 venditus
726 2734 753 2788 in
767 2734 913 2784 servitutem
926 2733 973 2783 sub
980 2736 1040 2795 iugo
1052 2746 1113 2795 pec-

53 2806 193 2868 cati,quasi
205 2804 316 2856 Domini.
327 2804 380 2853 iloc
391 2802 515 2865 intellige,
525 2816 615 2865 carne,
625 2804 666 2853 vel
677 2803 818 2855 sacunddm
830 2817 932 2855 carnem
944 2816 1030 2854 servus
1038 2815 1111 2864 snm,
1204 2825 1208 2833 ·

53 2890 94 2927 seu
106 2880 135 2925 ut
145 2875 253 2938 explicat
265 2876 343 2933 mii.
357 2874 438 2923 servio
449 2873 497 2936 topi
506 2875 610 2935 peccati.
765 2938 768 2943 ι

81 2948 194 3007 illucque
209 2945 239 2995 tit
254 2942 322 3007 quod
335 2942 375 2993 lex
387 2946 415 2993 in
430 2956 472 2993 me
487 2956 540 2993 non
557 2943 633 2994 habet
648 2942 726 2994 duem
741 2956 833 3005 snum;
845 2942 889 2993 sed
907 2954 964 3005 ego,
977 2954 1029 2993 non
1041 2945 1111 3007 ipsa,

53 3030 108 3066 sum
119 3028 195 3065 causa
208 3015 305 3077 peccati
317 3016 342 3062 et
353 3014 451 3062 mortis.

80 3086 165 3148 ltaque
182 3082 216 3133 ad
232 3082 369 3132 clariorem·
382 3087 503 3130 versuum
521 3083 682 3142 sequentium
701 3079 908 3141 intelligentiam,
925 3078 1026 3127 observa
1044 3079 1112 3139 oirdd

53 3153 196 3217 Apostolus,
204 3152 271 3201 iacto
279 3153 389 3202 transitu
397 3150 412 3199 d
421 3152 547 3213 preterito
561 3155 627 3199 statu
639 3150 699 3211 legis
710 3153 735 3198 et
746 3149 856 3210 peccati,
868 3145 901 3194 ad
911 3150 1006 3195 statum
1016 3150 1111 3209 gratita,

54 3224 95 3272 sed
114 3222 198 3272 adhuc
220 3234 280 3271 oum
301 3221 507 3282 concupiscentia
528 3216 665 3277 luctantis,
681 3218 784 3279 exponit
803 3218 832 3264 in
849 3227 895 3263 sua
914 3226 1035 3276 persona,
1055 3229 1114 3277 qum

53 3296 136 3353 justis,
146 3294 224 3341 etiam
235 3291 282 3341 sub
292 3292 371 3353 gratia
385 3290 541 3349 constitutis,
554 3290 721 3348 contingunt:
735 3286 810 3350 idque
820 3288 876 3333 turn
887 3286 918 3331 ut
926 3296 973 3333 uos
986 3287 1114 3348 instruat,

54 3369 78 3412 et
88 3363 120 3411 ad
129 3360 295 3425 pugnandum
306 3362 398 3409 excitet
404 3379 413 3420 3
421 3362 478 3407 tum
489 3361 519 3407 nt
529 3358 622 3407 ludmis
632 3356 748 3407 ostendat
757 3355 908 3413 discrimen,
919 3354 986 3415 quod
996 3358 1033 3405 est
1045 3356 1111 3405 inter

53 3435 120 3483 bunc
127 3430 337 3496 presentemsub
347 3429 428 3492 gratia
437 3432 547 3491 statum3
558 3433 585 3477 et
595 3430 662 3477 inter
673 3425 829 3490 praeteritum
839 3427 933 3473 statum
947 3424 993 3473 sub
1006 3424 1058 3485 lege
1065 3444 1075 3486 t
1083 3427 1112 3477 in

54 3504 94 3552 illo
109 3502 234 3565 praeterito
253 3501 321 3547 statu
332 3498 493 3548 obediebatur
506 3499 718 3559 concupiscentie
730 3501 754 3545 ct
767 3492 931 3557 peccabatnr;
946 3494 971 3543 in
986 3493 1034 3543 hoc
1046 3506 1113 3555 prae·

54 3574 116 3621 senti
129 3572 214 3633 gratia
226 3570 309 3628 statu,
321 3569 531 3630 concupiscentia
543 3568 647 3629 quidem
659 3565 757 3619 stimuli
768 3566 796 3613 in
806 3562 904 3613 malum
916 3564 1060 3613 sentiuntur
1068 3582 1077 3624 i
1085 3566 1112 3613 at

55 3642 102 3689 illis
113 3640 249 3698 resistitur,
264 3639 290 3685 et
302 3649 354 3686 non
367 3639 496 3699 peccatur.
935 3665 937 3673 ,

84 3707 297 3771 Concupiscentia
305 3705 409 3768 quidem
416 3707 488 3767 quasi
498 3709 608 3767 tyranno
619 3704 705 3755 traditi
717 3707 777 3753 sunt
787 3703 863 3751 etiam
873 3704 934 3763 insti
945 3722 952 3763 5
963 3714 1014 3750 non
1025 3704 1111 3754 autem

55 3780 153 3842 peccato
166 3795 173 3825 r
187 3778 268 3825 instar
281 3777 347 3824 servi
365 3775 473 3837 emptitii
491 3774 605 3834 cogimur
623 3772 835 3833 concupiscentia
852 3774 936 3819 motus
948 3772 1039 3819 sentire
1049 3790 1056 3833 3
1068 3771 1114 3840 sed!

56 3862 105 3897 non
121 3846 168 3896 illis
179 3848 321 3895 consentire
334 3866 340 3892 ι
352 3846 543 3907 ingemiscimus
552 3842 598 3892 sub
612 3842 680 3890 illius
691 3841 838 3903 tyrannide,
851 3840 969 3901 illiusque
978 3839 1025 3903 legi
1035 3854 1111 3893 carne

56 3918 175 3967 servimus
179 3935 188 3977 ;
199 3915 244 3964 sed
254 3918 339 3964 mente
351 3919 376 3964 et
388 3914 481 3963 affectu
492 3915 617 3962 servimus
629 3910 677 3973 legi
692 3910 746 3960 lici.

89 4009 123 4053 15.
134 4006 206 4065 Quod
219 4004 284 4052 caim
295 4018 399 4067 operor,
412 4018 461 4052 ooo
471 4001 593 4063 intellipo.
605 4000 695 4051 Probat
707 4011 733 4049 se
744 3998 917 4049 venundatum
930 4012 983 4051 esse
994 4002 1111 4064 peccoto;

59 4067 720 4140 scu,mmrrumesseconcupisoentiaeyeaeoyudd
728 4066 1054 4147 iaylatuououaetaclenda
1063 4066 1112 4122 sibi
