2559 4450
256 250 259 251 ’
288 245 853 307 initunxnxros1n1·0.cti³.ii.
1046 248 1101 306 258

29 347 56 394 9.
73 341 138 396 Sed
153 342 247 398 sieut
264 345 405 412 scriptum
415 353 459 400 est
474 363 481 399 τ
535 345 583 396 Sed
595 349 622 398 in
639 347 690 398 hoc
702 350 822 412 mysterio
836 346 967 410 impletum
980 347 1017 396 cst
1031 343 1100 408 quod

19 421 77 471 nod
92 421 215 474 oculus
239 435 310 473 non
332 422 417 485 cidit,
430 437 484 477 nec
505 415 653 476 predixerat
670 418 746 467 isaias
756 418 796 467 64.
808 417 831 466 i.
851 429 898 465 ncc
915 413 1004 465 oculus
1018 411 1098 473 vidit,

20 497 313 561 11··1saudjvit‚1100
327 497 358 550 j„
371 513 421 552 cor
431 499 485 552 ho,
505 494 552 531 nec
571 487 639 534 euris
659 485 773 546 audivit,
794 497 841 535 nec
858 497 931 534 mens
949 485 1100 544 cujusquam

19 576 83 626 pinis
98 575 256 628 ascendit
267 589 483 644 wemma,
504 550 811 684 homfflpcigpfflre
821 554 886 604 licus
896 552 1046 638 preparavit
1056 551 1099 612 iis,

19 650 37 699 c
61 653 149 704 neus
173 651 220 704 iis
237 653 297 720 qui
314 652 432 722 mirum
449 656 484 710 ir·
504 631 549 681 ‘¹¹¹¹
578 620 584 631 ’

20 742 82 857 Hono:
96 805 201 859 Nobis
229 812 334 862 autem
353 811 483 864 revelarit
537 808 621 874 (Quod
644 813 730 860 antem
751 809 874 860 hactenns
896 807 945 859 init
966 803 1100 858 abscondi·

19 894 77 935 iens
98 897 159 950 per·
187 885 343 952 Spiritum
367 900 450 940 suum
473 905 481 943 t
504 874 636 943 tumiiroc
652 877 808 952 Dens-nobis
822 875 945 938 Apostolis
959 877 1012 925 suis
1028 885 1119 937 roue-¹

21 1059 59 1103 rut
72 1056 271 1106 evertendum
279 1077 287 1119 ;
296 1069 429 1120 nunquam
438 1072 485 1123 per
500 1072 559 1111 snos
568 1061 699 1110 ministros
716 1073 776 1110 eum
791 1057 990 1118 crucifixissent,
1000 1059 1042 1119 qui
1055 1067 1100 1120 per

20 1138 81 1172 num
95 1129 225 1176 mortem
243 1127 324 1176 nobis
338 1133 459 1179 eternum
472 1129 578 1179 daturus
593 1134 647 1179 erut
657 1132 751 1192 vitum,
763 1132 788 1180 et
797 1141 841 1193 per
852 1141 925 1179 suum
933 1129 1100 1190 ignominiam

20 1207 53 1241 ros
70 1195 104 1243 ad
119 1199 328 1259 sempiternum
340 1197 498 1249 adducturus
509 1201 562 1249 crui
575 1199 691 1261 gloriam.
708 1239 711 1254 .

40 1264 122 1314 Nemo
133 1266 311 1327 hominnm,
324 1270 472 1328 potestatem
486 1270 515 1317 ln
533 1268 618 1317 seculo
629 1267 793 1329 habentium,
802 1280 850 1319 nec
863 1267 975 1328 Pilutus,
987 1278 1035 1316 nec
1050 1263 1099 1314 lic·

19 1333 95 1393 rodes,
104 1346 159 1383 nec
174 1334 279 1385 Annus
289 1339 315 1384 et
324 1334 446 1396 delphus,
459 1339 518 1397 etc.;
527 1335 591 1386 nlius
599 1338 669 1386 enim
680 1335 817 1396 Christum,
826 1339 956 1386 auctorem
966 1337 1064 1396 gratie,
1075 1335 1101 1382 et

20 1402 98 1459 rioriae
109 1402 339 1465 distributorem,
347 1417 507 1467 nequaqnam
518 1405 631 1466 cruciligi
640 1408 782 1466 iussissent.
794 1406 863 1455 idem
881 1405 944 1454 dixit
953 1404 981 1453 li.
992 1404 1058 1453 Petr.
1072 1404 1100 1454 in

21 1472 72 1519 ici.
84 1472 179 1534 locst.
194 1475 264 1524 Scio
278 1475 340 1536 nuic
350 1488 398 1538 per
408 1476 579 1538 ipocrcctiom
590 1475 694 1537 seced,
706 1477 771 1526 oleru
779 1476 906 1538 principes
919 1474 1010 1532 uestri,
1020 1477 1070 1523 etc.

47 1541 102 1589 lion
116 1541 180 1592 ideo
192 1547 292 1592 tumen
304 1546 429 1604 excusati,
441 1547 498 1608 post
515 1547 553 1594 tot
564 1549 591 1595 et
607 1548 679 1595 tantu
689 1544 812 1596 miraculo
825 1545 948 1595 ichristo
960 1544 987 1592 iu
1002 1542 1100 1592 Divini-

20 1611 75 1656 tntis
90 1622 147 1659 sure
160 1614 352 1662 testimoninm
367 1617 474 1675 patratu.

52 1678 198 1730 inscendit
213 1693 247 1731 se
259 1681 329 1730 licus
339 1681 434 1742 llomo,
444 1684 566 1745 supientia
578 1683 639 1744 liei,
651 1686 680 1732 nt
695 1685 771 1734 morti
786 1683 914 1743 trudetur,
928 1684 953 1732 et
963 1683 1044 1731 morte
1055 1676 1101 1729 snt

26 1748 100 1794 vitum
116 1749 198 1799 nohis
219 1753 364 1803 mercatur.
380 1750 526 1800 Oionitusi
540 1752 708 1814 quorumdam
721 1753 856 1803 hominnm
870 1753 973 1815 peccato
987 1761 1049 1800 usus
1064 1751 1102 1798 est

26 1814 86 1864 licus
96 1852 104 1874 ,
113 1818 149 1867 ud
160 1817 286 1870 salntem
298 1822 414 1870 omnium
425 1821 622 1884 procurandum.
634 1822 655 1872 0
666 1823 804 1884 sapientiai

57 1903 79 1947 9.
91 1902 141 1951 Sed
156 1903 229 1952 deut
241 1903 368 1966 scriptum
377 1910 413 1955 est
414 1937 463 1954 .....
472 1905 517 1954 sed
525 1908 611 1955 evenit
620 1917 666 1969 per
676 1906 725 1955 lroc
738 1907 897 1967 mysterium,
904 1905 972 1970 quod
980 1904 1102 1965 scriptum

31 1973 60 2013 rot
71 1989 79 2014 .-
91 1981 137 2018 sen
153 1972 186 2019 in
199 1971 257 2022 hoc
269 1973 390 2032 mysterio
408 1972 542 2034 impletum
558 1973 677 2035 estquod
693 1973 725 2023 de
741 1985 770 2022 eo
781 1974 930 2036 predixerat
938 1973 1014 2022 leuius
1023 1973 1062 2021 ei.
1076 1971 1100 2023 t.

57 2036 191 2100 Prophetae
207 2053 320 2090 sensum
330 2043 447 2103 exprimit
457 2041 604 2106 Apostolus,
615 2041 692 2093 verbu
709 2054 761 2092 non
775 2041 920 2104 scrupulose
933 2040 1018 2090 reteri.

62 2113 90 2158 lo
107 2127 151 2164 cor
172 2115 292 2165 hominis
311 2117 428 2166 aceedit.
442 2117 538 2179 idest,
554 2119 582 2166 in
600 2120 713 2166 mentem
727 2119 807 2167 venit.

61 2181 128 2233 isaie
146 2187 231 2237 verbu
249 2189 310 2238 sunt
328 2186 383 2237 haec
394 2205 402 2237 c
414 2189 435 2237 Δ
448 2187 530 2237 ceculo
545 2201 596 2237 ooo
609 2187 761 2246 audieruut,
770 2199 848 2249 neque
864 2185 972 2237 ouriltu
985 2197 1101 2249 percepc-

38 2260 107 2369 mnll,
122 2256 215 2307 ocolus
238 2271 292 2309 cco
311 2258 392 2317 oidd,
406 2258 488 2319 neor,
499 2258 594 2322 abacto
607 2263 646 2318 te,
666 2270 720 2321 que
737 2258 892 2321 proper-cci
907 2258 1102 2321 exspectantibus

40 2326 232 2376 mmai
546 2337 557 2360 ·

67 2398 126 2453 Quoe
149 2402 325 2464 preparavit.
344 2401 446 2454 Scilicet
467 2403 651 2454 incarnationis
673 2403 842 2465 mysterium,
863 2401 991 2451 Christum
1009 2400 1102 2451 Filium

41 2464 124 2589 ἑῗυῐῄ,
138 2468 303 2586 salvatorem
314 2477 445 2534 nostrum,
456 2476 618 2535 nostrumque
629 2484 674 2536 per
686 2484 746 2522 enm
755 2471 933 2534 adoptionem
947 2483 978 2521 nc
993 2470 1102 2533 deniquo

64 2546 139 2584 onam
150 2549 172 2585 ω
184 2552 290 2588 ornum.

69 2601 215 2669 Siquidem,
226 2612 258 2657 nt
271 2621 299 2657 n.
310 2612 335 2658 7.
347 2608 445 2659 dietum
454 2612 507 2671 est,
520 2609 675 2672 Sapientiam
686 2621 773 2670 sunm,
782 2604 876 2657 Filium
887 2620 979 2669 snum,
992 2606 1101 2671 predes-

46 2671 129 2786 tinluvit
141 2676 211 2727 Deus
228 2676 264 2728 ad
280 2676 386 2739 gloriam
404 2683 534 2741 nostrum,
545 2684 571 2730 ct
580 2679 745 2745 temporalem
755 2680 783 2729 iu
795 2680 886 2741 terris,
898 2682 923 2728 et
942 2682 1063 2729 aetcrnem
1074 2678 1101 2735 in

46 2751 78 2786 en
89 2744 116 2792 is.

72 2809 174 2873 Superat
189 2818 281 2868 nutem
302 2824 405 2868 omnem
421 2824 524 2867 aensnm
543 2821 569 2869 et
581 2816 738 2869 intellectum
756 2818 782 2868 et
794 2811 903 2881 cognitio
918 2812 1103 2867 incarnationis

50 2873 98 2926 liiii
107 2880 306 2944 llei‚Sulvutoris
317 2888 407 2948 nostri,
417 2890 442 2935 ct
452 2887 562 2947 cognitio
570 2892 662 2938 nostre
670 2901 716 2950 per
726 2894 785 2937 cum
799 2884 949 2951 adoptionis,
959 2892 985 2937 et
993 2882 1102 2951 cognitio

50 2954 132 3001 nostre
146 2964 192 3017 per
208 2970 271 3007 enm
286 2956 474 3018 glorificationis
489 2959 596 3007 eterne.
623 2960 630 3010 e·

76 3016 119 3067 llic
130 3024 217 3085 ituqne
232 3026 397 3075 isuiaetextus
408 3024 513 3086 intelllgi
524 3028 606 3087 potest
617 3028 644 3075 et
660 3024 843 3087 destitutum,
857 3036 934 3087 quem
949 3024 1022 3075 nobis
1036 3034 1103 3088 pre-

53 3091 140 3143 iurarit
154 3092 221 3144 Bous
232 3132 240 3155 ,
252 3100 278 3145 et
292 3095 324 3144 de
346 3093 426 3144 seinte
444 3098 546 3156 nostre,
563 3106 608 3157 per
620 3096 727 3157 gratim
741 3096 769 3143 in
784 3098 857 3145 terris
870 3092 1004 3155 inchoate,
1018 3096 1044 3143 et
1058 3102 1104 3155 per

52 3153 148 3211 clerium
158 3163 187 3213 in
198 3164 270 3215 coelis
280 3163 490 3214 consummanda.

81 3224 136 3285 0¹1ae
149 3232 220 3283 unlus
230 3237 269 3285 est
280 3234 465 3285 incorrutionis
476 3232 574 3283 tructus
588 3234 614 3283 et
627 3231 700 3293 linis,
712 3232 783 3293 iustu
798 3229 875 3293 illud,
890 3242 967 3294 quom
976 3230 1103 3294 creden·

54 3296 161 3349 Μήτηρ
1027 3338 1029 3343 ,

82 3361 113 3412 lie
127 3366 275 3433 lintribus,
287 3372 382 3436 cosque
396 3379 434 3432 te,
447 3372 529 3430 Deus,
540 3382 588 3421 nec
600 3369 669 3421 recte
681 3371 805 3434 cogitare,
819 3380 867 3419 ncc
877 3367 946 3431 loqui
959 3378 1102 3433 possumus·

87 3448 120 3496 to.
133 3450 209 3503 Nolis
220 3460 305 3504 cutem
317 3455 438 3505 revelavit
448 3456 544 3505 Dece...

85 3513 263 3581 consequenter
272 3523 305 3573 ud
316 3524 481 3587 procedentia
494 3526 592 3587 poterut
604 3522 680 3584 objici
691 3542 698 3573 c

87 3583 169 3638 Since
184 3594 299 3643 sensibus
313 3596 417 3657 uttingI,
434 3606 482 3643 nec
499 3597 585 3643 mento
603 3596 697 3657 percipi
710 3596 792 3657 polest
808 3594 863 3645 haec
882 3596 1005 3659 supientia
1017 3592 1062 3643 liei
1075 3594 1103 3647 in

65 3659 170 3713 mysterio
182 3663 477 3726 obsconciu,nostraqne
487 3663 555 3714 sulus
568 3662 600 3715 ub
612 3675 642 3715 eu
652 3676 759 3715 manuus
771 3682 778 3713 c
791 3663 859 3715 unde
869 3676 926 3727 ergo
937 3668 965 3713 tn
977 3662 1102 3727 Apostole

65 3731 113 3773 corn
126 3732 207 3795 nosti,
223 3746 328 3797 eumque
339 3732 468 3797 loquerer

91 3791 150 3847 llutc
163 3801 296 3864 objectioni
313 3817 467 3866 occurrens,
480 3815 586 3867 mmqne
604 3802 703 3855 solvens
720 3804 783 3857 ‹iicIt
798 3800 895 3856 {Nolis
913 3802 1104 3869 Apostolorum

70 3854 209 3991 dmum
222 3872 342 3929 reclusit
356 3887 405 3940 pcc
425 3874 551 3939 specum
561 3874 684 3929 Secum
700 3886 791 3938 mont,
805 3885 881 3939 quern
902 3874 930 3927 in
950 3885 996 3927 nos
1015 3872 1104 3970 cludit
