2559 4450
255 305 260 323 '
309 317 862 381 rnrrunxnxrosrrrousar.
901 359 906 366 .
1061 323 1117 380 are

43 413 494 478 phanae‘domumrcaeterdmnc·
514 420 602 470 nescio
622 431 687 470 num
710 417 821 484 aliquem
847 415 1116 474 monetariorum

43 495 106 583 scio
120 493 146 547 si
164 508 250 564 quem
264 497 351 552 alium
366 498 491 568 baptiza·
513 487 703 552 belilfflifflm·

42 585 218 705 ν(Ἢιῐιοιι
242 653 319 707 enim
344 653 421 708 misit
447 668 494 708 me
544 653 600 705 Non
623 655 693 705 enim
718 667 759 706 me
781 655 896 706 Christus
921 641 1042 719 primario
1068 663 1113 706 eeu

42 728 175 783 Christus
183 729 340 799 baptizare,
351 733 401 787 sed
411 747 494 788 evan.
515 725 687 789 principaliter
704 727 788 788 misit,
804 729 833 774 ut
846 725 1014 788 baptizarem,
1025 720 1069 774 sed
1085 725 1114 776 ut
1206 719 1209 726 '

43 807 169 874 gelisam
191 823 200 864 t
221 822 280 864 non
306 810 338 864 in
358 812 493 880 „pientia
515 795 697 859 predicarem,
717 808 770 846 non
793 795 952 878 sermonibus
966 793 1114 878 ,eruditione

43 886 142 952 verbi,
154 889 186 942 ug
197 900 256 942 Μ
265 895 417 948 evacuetur
425 905 492 947 cmx
515 864 597 914 multa
609 868 634 914 et
646 863 789 948 eloquentia
803 869 912 947 ornatis,
921 876 955 914 nc
966 865 1051 914 manis
1059 861 1114 916 rad·

43 963 161 1020 Christi.
257 947 262 958 ·
516 934 673 1067 daturoggux
690 933 783 985 Gbrsstr
800 933 913 998 (scilcet
929 935 957 985 iu
978 933 1113 987 bominum

78 1069 131 1121 tu.
152 1065 275 1121 Verbum
291 1069 367 1124 enim
381 1071 491 1138 crucis,
517 1017 664 1136 opgismpm.
674 1075 744 1124 enim
762 1075 864 1134 crucis,
881 1074 907 1123 et
923 1070 1037 1124 crucifixi
1049 1079 1111 1136 pra·

42 1242 128 1302 butus
148 1241 268 1307 epstoic.
283 1257 312 1295 n.
333 1246 371 1296 15.
389 1247 556 1299 Nautiorum
575 1250 686 1313 aliquem
703 1249 784 1299 ulium
802 1247 816 1299 b
831 1249 968 1299 Corinthiis
980 1247 1112 1312 baptisari·

76 1310 230 1362 mdiorum
240 1312 376 1364 arbitratur
388 1314 451 1367 hinc
463 1317 562 1369 Graecos
572 1318 621 1368 bio
633 1317 715 1368 torma
725 1318 850 1381 baptizare
859 1337 866 1367 ι
875 1317 1016 1381 Baptizatur
1026 1327 1114 1367 serras

41 1383 160 1443 Christi,
174 1385 233 1444 etc,
248 1384 367 1436 nonrerd
376 1407 384 1436 ε
394 1386 445 1448 ligo
454 1391 481 1439 te
491 1389 588 1453 baptiso
598 1425 605 1450 ,
617 1392 671 1451 eto,
683 1400 716 1439 ne
726 1391 768 1440 cui
777 1389 879 1438 daretur
888 1390 986 1440 occasio
997 1387 1113 1439 dicendis

42 1456 174 1516 Epoeum
183 1453 330 1519 Pauliana
344 1456 463 1519 copitar..Q

77 1541 183 1593 imilco
190 1541 256 1592 crim
265 1543 335 1593 malit
342 1557 382 1594 me
394 1545 507 1596 cisietm
518 1546 679 1610 baptisare...
687 1557 739 1598 non
751 1549 821 1598 euim
828 1559 869 1598 me
876 1545 996 1610 primani
1007 1549 1032 1598 et
1043 1547 1113 1612 prin·

43 1611 168 1675 cipalitcr
176 1613 249 1664 misit
263 1613 378 1664 Christus
388 1619 418 1665 ut
433 1616 602 1678 baptizarem,
613 1619 658 1668 sed
669 1621 697 1668 ut
710 1619 882 1680 praedicarem.

76 1681 228 1734 pradicatio
247 1685 399 1746 primarium
416 1689 454 1736 est
469 1685 646 1748 Apostolorum
663 1700 768 1738 munus.
782 1687 847 1738 ilinc
865 1688 995 1752 Episcopis
1006 1687 1022 1740 l
1035 1686 1113 1740 Cano.

43 1751 119 1807 Trid.
130 1754 316 1816 prescriptum.

76 1837 138 1887 Noc
152 1835 181 1885 iss
195 1836 321 1900 rapientia
337 1837 409 1888 serbi
423 1837 460 1888 :a
476 1838 619 1890 schismatis
637 1840 833 1903 reprehensione
849 1842 941 1892 transit
957 1839 1064 1892 aanor
1081 1841 1115 1892 ad

42 1907 194 1957 schismatis
204 1907 327 1968 originem
336 1926 344 1968 t
353 1910 379 1957 et
389 1909 450 1969 quia
461 1921 492 1958 ar
502 1909 638 1960 immoffico
648 1909 795 1972 eloquentia
806 1909 889 1960 studio
902 1911 928 1960 et
937 1909 1030 1960 affectu
1041 1921 1114 1960 exor-

42 1985 106 2028 tum
123 1977 225 2040 tuerat,
239 1977 296 2028 ideo
310 1977 355 2028 bic
366 1981 392 2028 et
403 1979 486 2029 tribus
498 1981 660 2042 sequentibus
673 1981 798 2043 capitibus
810 1982 960 2044 sapientiam
975 1979 1114 2032 secularem

43 2048 171 2110 deprimit
180 2066 188 2108 ;
198 2048 283 2097 crucis
297 2046 357 2098 rard
368 2049 487 2098 virtutem
500 2053 526 2098 et
536 2049 706 2099 bumilitatem
716 2049 810 2110 ubique
821 2049 990 2100 commendat.

75 2118 164 2178 llicit,
175 2119 295 2180 iuquam,
307 2117 423 2169 cbristus
433 2130 476 2170 me
486 2118 699 2183 pradieara,nou
712 2119 871 2170 sermonibus
881 2117 962 2169 multa
972 2117 1113 2172 eruditione

45 2193 72 2240 et
89 2187 237 2250 eloquentit
252 2189 355 2239 murus.
911 2207 914 2216 ·

75 2256 251 2321 Reprehendit
261 2270 319 2320 orgo
329 2256 473 2308 Corinthios
485 2259 615 2322 sapientia
625 2259 652 2308 et
666 2257 814 2320 eloquentia
825 2256 935 2308 nimium
945 2257 1066 2311 addictos.

78 2334 112 2384 Ut
123 2345 176 2382 noa
187 2337 321 2383 comanus·
336 2346 398 2383 cruc
411 2333 532 2383 Christi...
545 2332 602 2395 Syr.
613 2344 647 2382 ne
662 2336 746 2383 inanis
756 2332 876 2384 reddatur
890 2344 953 2383 crux
965 2332 1057 2385 Christi
1067 2348 1075 2384 ι
1086 2336 1113 2385 in

44 2405 187 2456 bominum
204 2401 301 2453 scilicet
314 2406 448 2467 opinione,
462 2403 525 2453 dum
545 2404 663 2465 putarent
676 2416 703 2453 sc
720 2402 752 2453 ad
763 2402 840 2453 iidem
850 2402 1114 2466 pereloquentlaeulm

43 2474 189 2533 adductos,
201 2486 254 2523 non
265 2486 309 2536 por
321 2476 442 2523 virtutem
456 2475 540 2523 crucis
553 2476 579 2523 et
591 2472 706 2523 crucitiri
718 2474 838 2535 gratiam.

77 2543 128 2594 Ubi
139 2544 221 2603 major
232 2546 368 2605 apparatus
378 2542 543 2603 eloquentia,
556 2542 591 2591 ibi
603 2544 687 2591 minor
699 2543 780 2592 virtus
793 2542 896 2605 apparet
911 2542 939 2591 in
951 2554 1042 2591 cruca:
1055 2544 1115 2604 qula

43 2619 114 2663 tunc
126 2611 190 2661 ides
207 2612 342 2674 Evangelio
361 2611 434 2673 daia,
448 2611 591 2666 adiiciaste
601 2611 737 2667 bominum
752 2610 832 2667 verbis
846 2613 928 2679 potest
940 2612 1048 2675 ascribi,
1062 2624 1115 2663 non

44 2684 97 2733 soii
111 2683 198 2732 crucis
208 2682 306 2732 virtuti.

79 2766 113 2816 Ut
124 2778 177 2814 nou
189 2769 351 2815 moecatur...
363 2767 393 2813 ut
406 2764 475 2814 banc
487 2775 577 2815 vocam
584 2764 648 2817 bend
659 2763 799 2827 intelligas,

76 2833 281 2898 Supponendum
294 2837 319 2883 ιο
329 2833 398 2896 quid
408 2847 484 2895 crux,
496 2835 528 2884 ob
539 2835 669 2887 Gbrlstum
681 2836 710 2885 in
721 2847 750 2885 ea
763 2834 913 2889 crucifixum
921 2871 929 2899 ,
938 2838 972 2888 sit
986 2836 1115 2889 salutiferi

43 2907 146 2956 virtute
156 2902 246 2966 plena;
256 2903 331 2953 arbor
344 2906 383 2952 cst
395 2904 469 2963 uita,
481 2903 579 2964 lignum
592 2902 699 2963 salutis,
712 2903 768 2955 ioue
778 2906 873 2966 gratio.

77 2978 109 3025 20
122 2970 195 3035 Quod
203 2972 258 3024 baec
269 2974 322 3023 vita
331 3009 339 3033 ‚
347 2972 403 3023 bac
414 2971 498 3031 salus,
513 2972 569 3023 bac
579 2977 659 3036 gratia
671 2974 686 3025 d
697 2987 785 3035 cruce,
793 2975 842 3025 etl
853 2974 973 3027 crucitiri
986 2976 1061 3027 corde
1070 2988 1115 3041 per

44 3047 129 3096 iidem
138 3042 204 3094 fluat
215 3044 244 3094 in
256 3044 356 3093 animas
366 3042 541 3107 credentium
554 3044 616 3107 fidae
623 3048 716 3095 cutm
727 3058 756 3095 ec
767 3044 875 3103 cudda,
887 3045 990 3097 auditur
998 3046 1057 3097 used
1070 3058 1116 3111 per

45 3114 167 3165 uerbum.
202 3149 208 3157 .

77 3184 147 3235 ilinc
159 3185 225 3235 sicut
243 3182 306 3235 tides
318 3185 356 3234 est
368 3182 486 3247 simplex,
498 3186 524 3234 et
534 3184 601 3233 sicut
612 3191 675 3232 arur
686 3182 754 3232 nuda
767 3181 832 3244 tuit,
844 3183 879 3232 ita
891 3182 998 3233 verbum
1012 3180 1071 3234 idei
1082 3184 1116 3237 eit

45 3253 160 3317 simplex
171 3272 178 3302 ι
190 3254 227 3303 ita
238 3252 383 3315 predicatio
398 3256 482 3303 crucis
497 3252 566 3303 nuda
575 3264 645 3313 ,non
661 3254 749 3301 ornata
757 3287 765 3313 ,
780 3262 831 3301 nun
845 3254 955 3314 compta.

78 3322 138 3386 Qud
154 3321 294 3386 dmplicius
304 3323 425 3385 verbum,
437 3323 467 3373 eb
477 3323 570 3374 clarius
579 3323 684 3385 apparet
697 3324 722 3371 et
733 3322 816 3371 crucis
825 3322 906 3371 virtus
921 3321 947 3371 et
958 3321 1037 3381 gratia
1050 3316 1116 3371 Gru·

45 3395 120 3447 sitiri
133 3407 142 3443 s
154 3392 205 3455 qud
215 3392 273 3457 plus
281 3392 358 3443 studii
371 3396 400 3443 in
417 3405 532 3461 sermone
542 3428 550 3453 ,
561 3390 592 3441 eb
602 3390 689 3441 minus
701 3392 803 3441 uirtutis
813 3393 917 3454 apparet
929 3392 956 3441 iu
968 3402 1059 3453 cruce,
1071 3402 1116 3455 per

44 3464 177 3516 sermonis
194 3466 344 3525 apparatum
361 3464 529 3521 extenuatur,
542 3463 680 3510 evacuatur
698 3462 779 3510 virtus
792 3461 893 3521 crucies
912 3471 975 3509 crus
988 3460 1014 3509 et
1026 3458 1117 3512 Cruci·
1156 3481 1171 3507 ι

44 3537 117 3586 tirus
132 3529 295 3582 defraudatur
310 3542 363 3582 suae
376 3532 478 3581 virtutis
489 3532 514 3580 et
528 3532 647 3593 potentia
659 3527 742 3580 laude.
839 3528 840 3531 ’
932 3564 938 3581 ,

78 3604 176 3654 Caveat
191 3612 249 3663 ergo
260 3603 383 3651 curiosior
396 3600 476 3651 divini
491 3600 561 3650 uerbi
573 3612 672 3662 praec,
684 3611 717 3650 ne
728 3598 842 3651 Christus
855 3602 883 3650 in
896 3598 992 3661 judicio
1006 3598 1053 3649 sibi
1064 3600 1116 3650 im-

44 3675 186 3741 properet,
196 3670 264 3733 quud
273 3673 354 3723 nimio
365 3672 488 3721 sermonis
497 3674 603 3730 ornatu,
613 3673 638 3719 et
649 3670 719 3720 varia
729 3670 876 3721 eruditionis
894 3671 1053 3732 ostensione,
1064 3672 1117 3721 vir·

45 3749 136 3796 tutem
147 3742 416 3801 recommemorent,
430 3752 475 3789 seu
484 3750 588 3788 crucem
602 3738 648 3789 sua
659 3738 734 3789 laude
745 3737 939 3790 defraudaverit.

80 3812 177 3863 Caveat
186 3812 212 3860 et
222 3808 336 3860 crucifixi
346 3821 428 3873 preco
437 3846 444 3869 ,
452 3820 485 3858 ne
492 3820 545 3859 sua
555 3807 653 3870 putida,
664 3808 741 3869 quim
752 3807 870 3859 Crucitlri
881 3808 966 3871 gioria
979 3806 1116 3871 studiosus,

45 3897 83 3936 nc
95 3880 146 3931 sibi
159 3880 342 3941 improperetur
353 3876 421 3939 qoud
440 3888 543 3927 erucem
553 3878 729 3939 evacuaverit,
745 3875 899 3929 Crucibrum
912 3874 958 3926 sud
967 3874 1046 3939 gioria
1056 3888 1116 3943 spo-

47 3953 133 4010 lians,
147 3950 177 3997 ut
187 3958 245 3995 eam
257 3942 350 3995 iaceret
360 3945 407 3995 sibi
418 3946 555 4009 propriam.

83 4041 126 4090 iii.
142 4034 250 4088 Verbum
269 4035 335 4087 euim
348 4036 457 4089 ιιιιιίι...
470 4033 526 4117 lliai
545 4045 579 4089 aa
598 4008 730 4095 uumerus
743 4035 823 4091 otrus
836 3996 936 4099 ιιιιίιι
949 4035 975 4093 ti
987 4042 1041 4089 utu
1058 4033 1116 4087 tine
