2559 4450
269 301 449 360 ansanus
465 292 693 368 rxrosrrro.
712 309 793 368 err.
814 313 864 369 rr.
1050 313 1106 373 ars

34 397 62 450 3.
75 364 151 452 inm
165 379 285 457 autem
299 413 351 470 pro
365 399 483 463 minimo
535 397 606 469 ouer
616 406 714 471 alme,
724 407 816 472 parim
827 409 884 461 mel
893 405 1105 475 refertquitlrol,

22 481 42 526 st
51 480 85 528 ut
98 475 118 530 a
129 475 231 532 vohis
241 477 375 547 judicer,
388 486 437 535 aur
447 481 487 535 ab·
504 478 549 525 aut
564 477 647 538 quivis
659 476 725 530 allus
736 477 888 541 huminum,
903 479 934 530 de
948 494 990 531 me
1011 477 1106 542 dijudi-

23 568 133 609 umano
140 554 196 610 &a
206 573 216 611 g
226 556 484 630 gedngquemeip,
505 543 660 606 cotim-quta
676 546 745 594 onim
760 543 873 596 'aliorum
888 545 985 606 iudicia
999 557 1105 611 eurem,

23 646 63 684 lm
72 630 197 698 judico,
287 629 300 655 ν
504 611 657 676 sicquidem
677 625 722 675 ego
736 615 916 680 memetipsum
927 612 1023 678 judico,

38 713 66 762 4·
78 710 161 767 Nihil
170 707 264 766 enlm
273 711 482 771 nn'hioonsalus
534 712 635 764 Nullius
649 712 767 775 equidem
778 717 815 766 rel
826 716 890 766 mihi
900 721 1017 770 conscius
1030 731 1103 782 sum,

22 802 88 840 um:
103 787 162 842 sed
178 805 252 844 non
267 791 482 860 labocjustifl-
503 781 547 832 Μ
562 794 615 831 ⁰⁰¹¹
628 781 685 832 ¹⁶0⁰
695 782 764 845 aliud
777 783 1018 844 Daumiusuueatus
1030 799 1103 850 sum,

23 868 84 914 ,ms
95 877 186 918 sum,
200 866 261 933 qui
272 872 366 922 autem
373 866 480 938 judica,
503 852 548 915 qni
561 850 620 901 verb
630 851 661 902 de
670 863 712 903 me
721 849 911 918 certbjurlieat,
924 853 1047 910 bominis
1055 859 1104 914 ot.

22 954 68 1006 ie,
83 943 243 1000 Dominus
264 950 319 1002 est.

22 1058 1100 1081 m.-

22 1118 94 1168 ‘lorlae
111 1121 228 1186 cupidi,
248 1127 279 1175 et
292 1124 432 1188 discipulos
453 1125 487 1176 ad
506 1139 534 1177 se
557 1125 684 1183 attrahere
705 1123 830 1188 volentes,
850 1123 985 1177 studebant
999 1129 1036 1180 eis
1050 1127 1103 1180 alo-

23 1189 132 1251 uentia,
146 1196 176 1242 et
191 1193 313 1244 seculari
325 1196 450 1258 sapientia
468 1195 587 1259 plaeere:

39 1256 167 1322 Discipuli
184 1261 258 1312 vero
283 1263 364 1312 nimia
384 1263 462 1324 buius
477 1263 645 1326 eloquentia,
659 1265 684 1314 ot
700 1262 821 1312 secularls
841 1265 970 1326 sapientia
983 1265 1101 1326 opinione

23 1325 97 1387 lucii,
109 1327 144 1378 (le
158 1329 352 1392 Magistrorum
363 1326 454 1383 merito
468 1347 499 1383 ex
509 1333 653 1395 eloquentia
662 1331 851 1393 diiudicabant3
866 1345 947 1384 unum
958 1332 1030 1384 alteri
1037 1347 1102 1398 prae-

22 1396 127 1447 ‘erebant
135 1418 145 1460 ς
154 1399 226 1451 bulo
241 1414 301 1452 sese
312 1402 463 1453 addicebant
472 1441 479 1464 ,
489 1408 514 1454 et
526 1403 558 1452 de
569 1415 598 1452 eo
615 1401 798 1464 gloriabantur.

44 1465 110 1515 ilinc
126 1463 278 1530 apostolus
298 1473 325 1521 ln
341 1471 390 1522 hae
406 1473 581 1533 conclusione,
595 1470 638 1521 ubi
653 1474 732 1520 totam
753 1471 820 1520 bane
840 1471 871 1521 de
892 1471 1028 1522 schismate
1044 1485 1100 1524 rem

23 1535 133 1596 conficit,
150 1538 238 1589 modb
258 1539 403 1603 Magistros,
413 1540 489 1592 modo
508 1539 662 1605 discipulos,
676 1539 751 1592 modo
768 1544 887 1604 utrosque
904 1541 982 1591 simul
994 1541 1101 1606 alloqui-

22 1616 72 1664 rur,
86 1610 176 1670 arguit
193 1614 222 1660 et
234 1607 322 1662 docet.

49 1674 77 1722 ln
92 1681 115 1726 i.
130 1691 160 1728 n.
177 1679 327 1744 discipulos
339 1685 365 1730 et
376 1680 505 1743 Magistros
515 1683 587 1743 quasi
597 1680 741 1744 promiscue
756 1680 1099 1744 docuit,spectaiius1amen

23 1742 220 1808 discipuloa31n
242 1749 294 1801 boc
305 1752 330 1800 2.
342 1763 369 1798 n.
380 1749 509 1810 Magistros
522 1749 696 1812 principaliter
712 1750 786 1800 offleii
807 1753 846 1801 sui
862 1756 949 1802 monet
957 1771 965 1814 ς
982 1753 1100 1804 studeant

23 1811 124 1864 bomine
146 1815 244 1868 fideles
263 1830 334 1880 asse,
345 1818 390 1868 boi
402 1817 508 1879 gloriam
519 1831 647 1881 quarere,
661 1833 713 1869 non
728 1833 799 1869 suam
811 1841 818 1881 ;
830 1824 975 1871 animarum
991 1822 1098 1873 salutern

26 1887 216 1946 quarere,non
227 1901 277 1937 sna
286 1887 374 1949 lucra;
393 1888 548 1938 Christianos
558 1889 606 1938 sibl
619 1889 732 1938 subditos
743 1890 775 1938 ad
790 1890 869 1939 Deum
885 1891 1028 1952 adducere,
1045 1905 1097 1942 non

28 1952 68 2001 sibi
78 1954 200 2007 addicere
211 1958 280 2019 sliat
293 1957 440 2018 thesauros,
457 1959 564 2019 quibus,
576 1957 720 2018 quomodo,
733 1961 758 2006 et
769 1960 894 2019 quantum
903 1973 967 2024 opus
977 1963 1014 2011 est
1024 1997 1032 2021 ,
1043 1961 1098 2012 ais·

27 2022 132 2074 tribuere
143 2063 151 2087 ,
161 2039 220 2076 non
232 2027 380 2090 prodigere,
391 2030 417 2077 ct
429 2026 524 2076 temero
540 2024 651 2087 indignis
663 2037 773 2089 erogare.

56 2106 77 2151 3.
90 2105 155 2156 litai
165 2115 258 2161 aarum
268 2121 316 2172 pro
328 2110 433 2159 minimo
445 2115 509 2160 est...

55 2177 96 2229 Gr.
114 2183 143 2234 iu
158 2185 305 2238 minimam
322 2187 368 2235 est.
380 2184 437 2247 Syr.
450 2183 515 2233 mibi
536 2180 596 2234 verb
611 2183 719 2237 minima
730 2195 771 2234 res
782 2187 819 2234 esi
839 2183 936 2239 brobis
947 2187 1065 2249 judicari.
1084 2201 1088 2208 ·

58 2247 183 2304 Corinthii
194 2253 229 2305 (le
241 2256 296 2304 suis
307 2253 455 2304 boetoribus
465 2252 653 2317 diiudicabanm
667 2255 734 2303 viros
756 2258 856 2307 sanatos
870 2260 895 2307 at
911 2260 982 2321 pios,
996 2264 1096 2323 propter

32 2317 218 2379 simplicitatem
229 2323 369 2377 irridebant
374 2342 383 2385 ς
394 2322 475 2375 malos
485 2326 511 2373 et
522 2325 590 2373 rittis
599 2322 688 2387 plenos
699 2359 706 2386 ,
718 2327 819 2395 propter
827 2324 997 2386 eloquentiam
1011 2331 1094 2391 magni

32 2387 205 2441 existimabant
216 2395 274 2456 ,ait
282 2390 311 2443 a.
323 2391 525 2454 chrysostomus.

61 2454 221 2517 Hacjubieia
231 2463 259 2512 in
272 2458 403 2525 discipulis
416 2463 516 2510 coercet
530 2456 677 2527 Apostolus,
689 2460 715 2509 ot
726 2458 839 2525 exemplo
852 2472 899 2513 sao
920 2462 992 2513 docet
1004 2463 1019 2513 l
1031 2462 1095 2517 boue

34 2522 122 2573 toribus
132 2533 220 2589 sperni
233 2530 334 2584 debere.

60 2588 116 2642 liiii
127 2600 240 2651 minima
252 2615 292 2651 res
303 2605 353 2662 est,
364 2600 455 2664 panim
466 2598 523 2651 mea
533 2598 610 2651 refert
621 2598 738 2663 quirius
749 2598 832 2650 deme
843 2598 1096 2665 obedientis,qualts

38 2665 76 2708 aut
89 2672 198 2723 quantus
211 2672 228 2720 a
239 2670 311 2721 v'obls
322 2670 431 2732 jubear.
1083 2690 1087 2697 ·

62 2738 108 2789 Aut
116 2742 149 2791 ob
163 2744 279 2795 humano
289 2746 337 2795 alie.
356 2744 412 2809 Syr.
426 2747 471 2793 aut
483 2744 499 2793 a
511 2748 601 2811 psoris
611 2743 726 2793 homine.
747 2743 844 2793 alluuie
856 2744 989 2809 Apostolus
1003 2747 1035 2796 ad
1051 2741 1111 2797 Je-'

37 2814 93 2854 ren.
110 2814 147 2860 il.
163 2826 192 2863 n.
207 2817 248 2864 16.
262 2812 328 2864 Laus
341 2826 398 2865 mea
410 2818 439 2863 tu
456 2825 498 2873 es,
516 2818 541 2862 et
554 2812 622 2863 (llam
635 2814 747 2863 bomlnls
765 2826 817 2863 non
836 2814 992 2877 calderari,
1003 2817 1029 2866 lrl
1040 2823 1092 2880 est,

39 2869 130 2928 laudem
146 2886 177 2933 et
189 2884 398 2947 approbationem
417 2882 577 2932 humanam:
592 2885 652 2944 qula
670 2883 779 2946 diaspro
796 2887 975 2949 prosperitate,
988 2892 1037 2936 nox
1048 2899 1094 2951 pro

39 2943 197 3017 adversitate,
210 2950 331 3003 sumitur.
345 2954 424 3013 ilinc,
435 2953 519 3014 iuquit
532 2952 669 3015 Gagnaus,
683 2952 736 3003 (lies
745 2952 878 3005 humanus
891 2955 992 3019 dicitur,
1005 2970 1093 3021 appro-

40 3008 100 3062 batio
111 3018 197 3076 ,lavor
211 3024 238 3071 at
246 3020 432 3071 commendatio
444 3022 587 3073 bominum.

67 3080 118 3133 bles
132 3087 397 3153 bominis,iudiciu1n
416 3097 453 3141 est
466 3092 592 3151 bominis,
603 3090 767 3149 Ambrosium
782 3090 836 3139 alvo
847 3093 907 3150 qnia
919 3091 972 3141 (iles
991 3092 1091 3144 bomini

42 3145 64 3194 in
76 3149 205 3220 Scripturis
219 3159 362 3221 frequenter
373 3162 411 3207 est
419 3158 545 3220 judicium
557 3158 620 3218 lici,
634 3159 687 3205 slve
698 3158 758 3215 quia
771 3158 821 3203 reis
838 3156 932 3205 tlieitnr
945 3158 998 3205 dies
1010 3194 1017 3218 ,
1031 3161 1092 3211 erim

44 3217 143 3272 citantur
155 3230 184 3275 ut
193 3241 221 3277 se
231 3228 329 3289 judicio
339 3224 429 3277 sistant
439 3246 446 3287 ;
460 3230 513 3278 slve
524 3227 584 3289 quia
593 3224 720 3286 judicium
731 3220 819 3274 lumen
834 3228 872 3273 est
885 3226 951 3275 sieut
962 3230 987 3275 ot
999 3228 1060 3277 ttius.

69 3287 113 3338 Sed
121 3306 197 3356 aequa
210 3298 333 3359 meipsum
343 3296 461 3359 juano..
544 3315 548 3320 ·
690 3330 695 3335 -

68 3355 137 3417 Quasi
147 3364 241 3423 diceret
255 3384 262 3417 ι
276 3367 342 3432 Quid
353 3365 461 3422 aliorum
471 3364 567 3425 judicia
579 3364 687 3414 curem?
698 3372 731 3411 ue
742 3360 844 3423 quibem
856 3372 901 3424 ogo
914 3366 1092 3426 memetipsum

46 3425 105 3534 tigni
115 3433 336 3498 nouumrutieura
348 3470 355 3497 ,
371 3436 432 3497 quia
444 3445 511 3497 sape
520 3435 669 3496 nescioquo
681 3430 733 3482 bns
743 3467 750 3493 ,
762 3440 816 3492 quo
827 3434 922 3481 motivo
932 3468 938 3493 ,
950 3432 1000 3495 put
1010 3435 1093 3484 scien·

55 3504 76 3540 ia
89 3508 164 3560 agam.

73 3578 94 3625 4.
105 3580 171 3635 Nihil
182 3590 247 3638 enim
259 3587 326 3639 mibi
340 3588 548 3639 meselemia...

75 3644 209 3713 Quanquam
220 3660 291 3707 sulm
303 3670 356 3709 non
369 3657 432 3705 mibi
446 3656 531 3704 veniat
543 3655 570 3703 in
581 3656 711 3715 mentem,
724 3662 765 3703 mc
778 3654 806 3703 ln
822 3662 879 3703 meo
891 3654 1033 3705 ministerio
1048 3657 1091 3707 ine

50 3704 135 3768 lactem
144 3722 233 3787 rusa,
243 3737 295 3778 noa
308 3725 364 3775 ideo
374 3723 463 3775 tanim
473 3721 542 3789 apud
551 3720 633 3773 baum
645 3724 676 3775 ab
689 3722 759 3775 onlnl
769 3722 913 3795 cnlpasurn
926 3724 997 3773 liber.

77 3788 160 3845 beticae
169 3800 224 3860 quo
232 3798 371 3864 intelligit?
381 3798 472 3849 Psalm.
486 3800 524 3849 18.
535 3797 664 3861 nanceio
679 3796 1004 3863 rememoreramus
1016 3800 1038 3849 i.
1052 3803 1089 3860 ¹8·

53 3860 104 3913 l1¹⁰l
116 3872 167 3923 crgo
180 3878 263 3919 auvos
279 3867 345 3919 Deus
355 3871 382 3919 in
393 3876 434 3919 are
447 3866 531 3928 vibet,
545 3879 608 3932 quos
619 3878 664 3933 ego
677 3880 729 3917 non
744 3866 842 3923 videbi
1080 3892 1086 3897 -

78 3920 181 3989 llajoraru
198 3934 351 3993 offensarum
366 3939 464 4001 partem
482 3947 516 3989 ne
527 3933 693 4012 iuoibgimus
709 3934 828 4013 qudem,
838 3936 875 4001 ait
889 3934 922 3991 a.
938 3936 1046 4003 Basilius
1062 3940 1090 3993 ia

534 4017 543 4028 ι
574 4014 643 4028 ω...
670 4022 700 4031 ...
714 4016 754 4042 p...
777 4020 799 4029 ,.
821 4020 895 4031 ......
914 4022 938 4031 .,.
952 4022 988 4033 ...,
1018 4022 1047 4037 .,
1071 4007 1086 4048 ’l

56 3987 380 4062 barabban-montelucati
513 4019 520 4029 ”
552 4030 563 4042 “
