2559 4450
193 339 245 394 ers
379 339 514 395 rorum
531 310 741 398 nrrsru'tu
759 341 811 398 un
826 339 1063 400 coniuratos

191 432 359 496 proplietam,
372 437 454 498 eapite
464 449 517 486 nou
529 435 625 499 relato,
642 435 792 499 sibimetipsi
814 455 899 494 orans
911 445 958 494 aut
967 437 1140 508 prophetans
1149 448 1213 488 non
1222 447 1254 486 re

191 502 252 552 iacit
265 505 384 564 iujuriam
393 524 402 565 ς
420 506 481 565 qula
497 505 602 568 perinde
617 509 656 556 eet
669 518 701 558 ee
715 509 737 557 sl
750 505 793 556 de-
813 519 868 573 1310
889 520 1000 588 cappe,
1023 518 1157 582 deturpat
1181 519 1258 580 caput

190 569 288 626 nivers
300 583 331 624 ac
341 583 398 625 rtet
412 571 550 627 umretm.
814 611 896 650 suum
911 615 919 650 3
931 609 1021 650 unum
1034 593 1114 648 enim
1126 597 1172 646 est
1189 605 1223 643 ac
1237 589 1254 644 ι’

814 674 985 728 decalvetur.
1258 615 1260 717 J

222 745 391 812 (capillltlum
401 747 502 812 lougius
514 753 540 802 st
551 751 678 814 copiosius
689 747 791 801 mulieri
849 753 877 804 6.
887 753 955 804 llam
968 751 994 802 si
1005 763 1062 802 uon
1072 748 1187 802 relatur
1198 756 1259 817 mut

190 815 279 868 datum
295 821 348 880 est,
364 821 438 882 quasi
447 819 563 871 naturale
575 820 711 879 velamen,
724 819 792 880 quod
815 827 881 892 lter,
892 828 1052 880 tondeatur.
1061 825 1094 878 Si
1102 823 1173 878 rerd
1184 820 1259 886 turpet

191 899 247 937 eam
257 887 345 937 doceat
358 901 412 938 sese
427 901 479 952 prae
492 888 614 938 modestia
627 888 712 938 velare
725 886 735 950 )
748 905 755 936 ε
769 890 791 937 el
815 912 858 958 031
870 905 980 960 mulieri
1001 902 1132 966 ponderi,
1146 908 1196 954 aut
1212 899 1253 950 de.

190 966 248 1016 ergo
261 953 376 1008 velamen
395 955 458 1007 illud
471 957 559 1016 abiicit
568 991 578 1016 ,
587 955 656 1018 quod
670 955 793 1006 modestia

190 1026 314 1086 suggerit,
329 1025 432 1086 objiciat
443 1028 468 1074 et
483 1023 546 1073 illud
563 1023 631 1086 quod
642 1029 736 1074 natura
751 1023 793 1071 de-

190 1091 228 1140 dit
244 1112 251 1141 ι
266 1094 286 1142 sl
299 1093 358 1142 vero
371 1092 473 1141 mulieri
485 1092 666 1142 dedecorosum
684 1096 722 1141 est
737 1091 792 1141 radi

190 1175 221 1214 ec
233 1163 331 1213 tonderi
342 1199 349 1224 ,
360 1161 476 1212 velamen
490 1175 548 1224 ergo
560 1174 611 1212 nou
623 1163 735 1222 sollctat.

221 1231 342 1282 Preterea
361 1231 401 1282 vlr
418 1235 456 1280 est
470 1231 578 1293 gloriosa
593 1232 677 1292 imago
693 1230 756 1290 liet,
768 1235 793 1280 et
851 1237 878 1286 ’1.
889 1233 937 1286 Vir
960 1232 1078 1300 quidem
1098 1243 1163 1284 non
1183 1226 1253 1280 debet

815 984 936 1048 calvari,
951 983 1023 1036 velet
1034 984 1123 1049 caput
1135 992 1227 1032 suum.

190 1313 237 1348 suo
252 1302 279 1348 ln
292 1300 354 1349 alias
363 1304 491 1350 creaturas
503 1302 609 1363 imperio
619 1339 626 1361 ,
638 1301 732 1350 divina
740 1299 793 1349 lia·
816 1314 908 1366 ,epm
919 1318 1003 1378 caput
1011 1325 1115 1363 suum:
1131 1254 1262 1376 qufflppml

187 1371 286 1430 testatis
296 1369 441 1432 eilulgentls
454 1389 461 1419 ε
472 1383 532 1432 ergo
544 1369 622 1420 velari
638 1371 793 1432 uenderet,
817 1391 909 1458 imago
920 1395 949 1442 ep
962 1387 1050 1456 gloria
1062 1387 1114 1440 pei
1129 1391 1190 1450 esi;
1260 1346 1262 1403 7

190 1451 242 1488 nun
258 1439 359 1490 tautum
378 1442 438 1502 quie
455 1452 507 1490 suae
522 1439 700 1504 praejudicaret
714 1452 795 1503 praee-

190 1508 339 1558 minentia:
355 1505 398 1556 sed
414 1507 491 1556 etlam
511 1508 571 1568 quia
587 1519 638 1556 non
660 1512 697 1556 est
711 1507 795 1557 occul-

190 1575 342 1634 tanda,lmd
354 1575 539 1625 manifestanda
554 1576 631 1637 gloria
641 1577 695 1626 ilci.
704 1576 795 1626 liulier
818 1574 918 1629 mulier
931 1577 1026 1627 autem
1040 1571 1135 1640 gloria
1146 1569 1200 1624 riri
1210 1574 1263 1650 esti

190 1643 250 1694 verd
262 1647 300 1694 est
313 1645 361 1693 rlrl
372 1644 450 1707 glorie
463 1664 470 1693 ε
486 1657 544 1709 ergo
556 1645 634 1696 velari
649 1646 730 1698 debet.
1261 1652 1263 1773 Ῑ

191 1809 214 1843 c.
231 1797 271 1844 ti.
285 1797 310 1845 9.
325 1797 350 1844 et
362 1793 432 1856 allae,
448 1795 479 1846 de
494 1795 587 1858 qulbus
606 1794 723 1858 predixit
742 1793 805 1846 Joel.
820 1797 844 1845 t.
861 1797 891 1844 28
905 1813 912 1844 r
925 1793 953 1844 id
964 1793 1052 1841 sutem
1068 1789 1167 1840 mulier
1179 1789 1252 1852 aperte

191 1865 272 1927 capite
286 1863 395 1926 iaciens,
408 1865 557 1927 sibimetipsi
574 1864 636 1914 iacit
654 1865 792 1926 iujuriam,
805 1876 860 1914 sese
873 1862 952 1912 adicit
970 1859 1122 1923 ignominia.
1262 1892 1264 1915 ,

220 1933 283 1996 Quia
294 1934 399 1997 perinde
412 1937 450 1984 cst
469 1947 499 1983 uo
512 1935 535 1983 ri
551 1933 702 1984 decalvetur.
715 1929 765 1982 Seu
783 1931 833 1980 hoc
847 1931 884 1980 iiii
898 1931 969 1992 aque
981 1934 1056 1990 turpe
1067 1931 1119 1988 est,
1130 1940 1165 1976 ae
1175 1929 1196 1978 sl
1206 1918 1264 1983 rest?

190 2006 216 2055 et
229 2001 357 2053 decalvata
369 2005 500 2065 appareret
511 2039 518 2064 ,
529 2001 597 2064 quod
607 2001 668 2054 sane
683 2001 833 2050 mulieribus
845 2000 1004 2064 probrosum.
1262 2004 1263 2011 ’

221 2089 245 2135 6.
259 2086 325 2135 Nom
334 2085 357 2134 ri
367 2098 417 2134 ooo
426 2083 526 2134 velotra
537 2083 639 2134 mulier.
651 2083 695 2134 Gr.
707 2085 784 2133 ctiam
795 2083 939 2133 tondeatur.
949 2082 976 2131 Sl
987 2081 1058 2131 enlm
1068 2079 1190 2130 velamen
1199 2078 1252 2129 illud

190 2153 277 2214 ubllclt
287 2153 355 2217 quod
368 2153 502 2203 modestius
514 2154 624 2215 suggerit
634 2190 640 2212 ,
651 2154 754 2213 obiiciat
770 2157 796 2201 ct
811 2152 876 2202 illud
893 2151 961 2213 quod
976 2154 1069 2200 natura
1083 2149 1164 2199 dedit.

221 2224 345 2287 Suppouit
361 2221 428 2287 quod
444 2222 596 2287 capillitiuur
609 2221 710 2285 lougius
721 2228 747 2271 et
759 2224 888 2285 copiosius
906 2221 995 2272 datum
1008 2223 1047 2269 est
1056 2212 1265 2280 mulieri,t1uasij¹

190 2294 316 2357 quoddam
336 2293 452 2343 naturale
467 2294 600 2351 velamen,
613 2294 682 2355 quod
700 2306 758 2343 eam
770 2294 877 2352 doceat,
890 2304 945 2341 sese
955 2303 1008 2354 pree
1020 2289 1146 2339 modestia
1161 2287 1264 2349 uetares

190 2368 226 2417 lta
246 2369 275 2414 ut
296 2366 410 2427 primum
429 2365 580 2427 capillorum
595 2364 700 2424 velum,
713 2366 747 2413 sit
765 2366 839 2425 quusi
857 2364 963 2412 initium
981 2362 1088 2411 secundi
1110 2360 1249 2420 velaminis,

190 2433 302 2495 scillcet,
316 2432 463 2484 modestia:
478 2433 546 2483 unde
557 2431 634 2482 lulert
648 2451 655 2481 ι
673 2432 702 2482 Si
715 2430 765 2481 hoo
780 2431 994 2493 ergosecundum
1004 2431 1109 2492 abjicit,
1118 2431 1249 2491 abjlclotel

190 2504 313 2567 primum.

222 2580 251 2627 Si
265 2578 324 2627 uero
344 2582 418 2640 turpe
431 2581 495 2627 est...
513 2574 584 2635 Quod
601 2577 622 2626 si
636 2574 819 2626 dedecorosum
834 2577 873 2626 est
884 2574 984 2625 tonderi
994 2572 1087 2626 etrodt
1105 2574 1247 2635 mutinen,

190 2648 306 2697 velamen
323 2659 381 2708 ergo
396 2658 448 2696 nou
462 2646 573 2705 abjiciat.

222 2717 253 2766 Ut
268 2718 358 2778 capitis
371 2714 528 2773 decalvatio,
540 2714 577 2761 sle
596 2713 687 2773 capitis
705 2712 831 2774 detectio,
841 2714 877 2763 alt
889 2713 919 2763 1).
930 2714 1092 2764 Athanasius.
1102 2714 1158 2775 Quo
1171 2714 1211 2775 iit,
1223 2717 1247 2762 ui

191 2788 212 2836 el
226 2787 315 2849 capitis
332 2786 518 2849 operimentum
533 2781 664 2832 sustulerit
678 2782 787 2847 muller,
804 2787 829 2835 ct
847 2786 937 2835 similis
956 2787 981 2835 ei
995 2790 1131 2849 appareat,
1144 2796 1198 2848 quae
1212 2798 1246 2835 oo

189 2868 260 2906 marn
274 2854 417 2903 detraxerit.

221 2922 340 2973 Modestia
353 2926 392 2971 est
406 2920 521 2971 mulieris
541 2917 627 2970 decus.
646 2922 732 2985 ltaque
754 2934 809 2973 sese
827 2922 919 2987 probro
936 2924 1028 2984 afficit,
1047 2924 1092 2973 uiri
1110 2926 1247 2975 modestiam

190 2990 286 3053 abiicit.
306 2990 377 3041 lianc
398 3002 456 3052 ergo
475 2992 558 3039 servet
577 2990 690 3055 ubique,
703 3004 735 3043 ac
755 2995 895 3055 pracsertim
916 2995 944 3043 ln
964 2992 1088 3054 ecclesia,
1107 2996 1245 3058 inpudicis

190 3064 291 3129 pletatis
308 3061 482 3113 conventibus.

222 3133 247 3183 Sl
262 3132 396 3183 mullerem
416 3143 468 3181 uon
488 3128 597 3181 velatum
616 3128 712 3181 Paulus
733 3130 875 3181 consideret
893 3133 923 3181 ut
942 3130 1098 3182 decalvatam
1118 3136 1142 3182 et
1155 3145 1243 3191 rasam;

190 3204 283 3267 quintu
308 3202 388 3253 oeulis
410 3204 552 3252 intueretur
574 3199 736 3251 scandalosas
756 3199 926 3262 quarumdam
947 3206 1090 3251 assuetum
1113 3202 1242 3251 nuditates?

190 3275 281 3336 quibus
295 3276 444 3337 exprimeret
456 3272 540 3323 verbis
549 3271 673 3322 theorica
684 3271 824 3321 multarum
831 3274 990 3333 ornamenta,
998 3282 1054 3333 qua
1065 3273 1184 3334 usquead
1196 3285 1241 3322 aru

190 3343 393 3473 degengultipquasi
411 3408 550 3459 sdtaulces
562 3410 587 3457 et
598 3409 704 3457 comica
719 3406 839 3458 ecelesias
851 3405 1028 3471 inponuntur
1039 3407 1142 3471 ,minus
1156 3407 1239 3472 suppli—

192 3485 301 3541 catura,
313 3482 389 3543 quim
404 3479 454 3529 ileo
470 3480 518 3542 ipsi
532 3476 699 3527 insultaturae.
1221 3494 1227 3505 ·

221 3566 246 3612 t.
264 3562 307 3611 Vir
322 3560 422 3623 quidem
437 3574 486 3611 ooo
500 3560 568 3609 debet
577 3558 690 3609 uetere...
708 3560 838 3622 wentam.

220 3631 289 3682 Novi
298 3632 396 3679 ratione
407 3630 496 3691 probat
504 3629 572 3691 quod
580 3630 634 3689 jam
643 3629 759 3678 asseruit.

222 3700 265 3749 Vir
281 3702 318 3749 est
331 3699 413 3759 imago
424 3695 529 3759 gloriosa
544 3696 587 3746 Dei
595 3717 602 3757 ;
611 3710 656 3745 seu
667 3696 760 3765 divinae
771 3698 907 3759 Maiestatis
916 3698 1060 3761 effulgentia
1071 3700 1097 3749 et
1106 3700 1236 3751 lrradiatio:

192 3782 238 3819 euo
252 3768 349 3819 scillcet
361 3768 389 3815 iu
407 3766 471 3815 allas
484 3769 629 3827 creaturas,
642 3768 718 3817 etlam
732 3766 758 3816 id
771 3768 906 3820 mulierem
923 3771 1038 3835 imperio.
1050 3768 1093 3819 Est
1104 3772 1190 3835 quippe
1201 3770 1235 3821 llrr'

190 3837 318 3893 vicarius,
332 3836 357 3883 et
367 3832 411 3883 llei
422 3834 479 3883 vice
495 3833 615 3882 dominus
634 3842 819 3886 creaturarum.

222 3902 287 3959 Ergo
304 3901 383 3950 velari
398 3913 450 3950 uon
464 3899 554 3958 debet;
569 3911 620 3948 nun
631 3902 733 3951 tantum
745 3905 804 3964 qula
816 3904 932 3955 velamen
947 3904 997 3953 hoc
1011 3918 1063 3955 sua
1078 3903 1233 3968 praejudicaret

191 3968 405 4051 prujmjuentie,
418 3967 463 4018 sed
481 3968 559 4018 ditm
569 3969 630 4035 quie
640 3968 685 4022 liei
699 3970 778 4034 glorie
794 3986 848 4025 nou
865 3978 904 4026 eet
913 3973 1078 4033 occultanda,
1095 3975 1147 4026 imo
1164 3980 1234 4042 moui
