2559 4450
163 317 219 372 aro
459 309 664 368 errsrona
683 264 930 367 renouatus

195 411 256 474 Quis
278 411 348 462 enlm
375 413 490 473 cognovit
513 422 628 471 unquam
651 410 763 458 mentem
821 411 865 461 el.
896 407 963 470 Quis
999 402 1075 460 enlm¹
1098 397 1228 472 cognovit

163 481 284 533 Domini?
296 483 342 530 aut
354 483 411 542 quis
426 479 464 529 illi
475 478 524 528 fuit
538 478 554 527 a
569 475 703 528 consiliis?
787 506 900 545 sensum
925 489 1060 544 Domini?
1088 490 1143 540 Aut
1167 487 1229 553 quis

363 613 368 618 -
786 565 1105 634 consiliariusejusiuit‘t

195 647 257 708 tiele
269 645 498 709 priordeditlteo‚
514 647 544 694 ut
561 646 584 694 el
603 643 763 694 Deusvlcetu
821 651 865 702 35,
893 649 946 699 Aut
968 645 1032 712 quis
1054 643 1133 710 prior
1153 642 1228 696 dedit

164 717 268 768 marce
284 716 393 766 raiae
407 713 494 766 nuum
509 714 579 764 aas.
634 738 637 742 ⁴
786 725 842 790 riri,
857 723 1064 777 etreirinuuur
1077 719 1123 772 ere

194 803 403 866 Quandoquidem
421 802 439 851 a
458 801 522 862 lieo,
540 799 612 850 velut
631 799 763 860 creatore,
822 803 866 856 36.
891 799 1029 862 Quoniam
1048 809 1083 848 ex
1102 795 1183 862 ipso,
1203 799 1228 848 et

163 876 225 924 eunt
240 876 341 934 omnia;
352 884 397 934 per
407 872 506 932 ipsum,
517 867 588 917 velut
603 871 765 917 conservato-
787 895 836 950 per
857 881 965 946 ipsum,
987 881 1015 930 eg
1031 877 1060 928 jn
1078 873 1143 940 1930
1165 882 1228 928 snm

163 953 233 1002 rem,
247 943 387 991 subsistunt
405 941 509 998 omnia3
523 940 551 987 in
564 939 638 998 ipso,
654 935 764 985 velutin
788 957 883 1012 omnia
895 973 902 1010 :
915 955 969 1024 ipsi
984 953 1072 1023 gloria
1083 952 1113 1006 in
1124 955 1227 1007 secula·

162 1009 230 1070 tine,
241 1012 417 1061 consistuntet
428 1008 591 1058 continentur
601 1007 704 1065 omnia;
721 1017 766 1054 seu
788 1039 875 1092 Amen
915 1034 918 1038 -

163 1079 196 1128 ad
206 1081 291 1140 ipsum
301 1117 307 1139 ,
318 1077 431 1128 velutad
442 1076 520 1126 tinem
530 1112 537 1135 ,
548 1073 657 1123 tendunt
668 1075 764 1122 omnia.
878 1071 886 1088 ⁸

163 1148 214 1210 ipsi
226 1151 272 1198 uni
284 1149 315 1198 ob
327 1149 354 1198 id
362 1147 469 1195 debetur
478 1144 576 1206 honor,
586 1143 643 1192 laus
654 1146 679 1192 et
687 1142 765 1204 gloria

164 1221 192 1268 in
204 1218 305 1269 saecula.
320 1217 412 1268 limen.

163 1373 344 1433 rejectionem,
361 1370 476 1431 gentium
495 1366 674 1428 adoptionem
694 1362 840 1414 iudeorum
858 1365 1098 1429 reassumpticnem‚
1114 1368 1229 1428 gentiunt

163 1442 332 1493 detectionem
339 1460 346 1500 ;
359 1440 491 1498 utriusque
504 1434 590 1498 pepuli
604 1439 726 1484 aternam
738 1435 898 1483 reunionem.

198 1515 280 1574 Quem
298 1510 562 1573 incomprehensibilia
579 1507 791 1570 eamindicio...
807 1521 850 1556 seu
870 1508 983 1570 decreta,
997 1515 1019 1558 et
1034 1509 1228 1572 iuvestigabiles.

163 1585 208 1634 Gr.
220 1581 458 1646 impervestigabiles
470 1580 531 1637 cic,
543 1580 631 1639 idest,
643 1580 752 1630 rationes
761 1583 787 1626 et
797 1579 865 1628 medi
876 1581 968 1640 quihus
980 1579 1022 1628 illa
1034 1583 1189 1642 exsequitur.

195 1655 253 1704 ileo
267 1651 371 1711 nullus,
382 1663 431 1699 nec
444 1648 562 1710 angelus,
575 1661 623 1698 nec
635 1647 713 1698 homo
725 1647 861 1698 scrutando
872 1649 1085 1710 comprehendere
1097 1652 1199 1712 poterit.

112 1739 119 1749 '
195 1734 236 1782 34.
247 1733 287 1782 35.
302 1730 364 1788 Quis
378 1732 443 1780 caim
454 1733 570 1792 cognouit
584 1745 684 1780 sensum
704 1732 826 1782 Domini?
841 1737 887 1782 eut
905 1732 961 1793 quir
980 1731 1172 1782 consiliarius...
1185 1741 1229 1781 out

165 1806 222 1868 puis
235 1802 308 1864 prior
319 1801 446 1852 dedititii.
457 1801 517 1851 liae
529 1803 578 1850 tria
598 1802 681 1851 tribus
698 1801 850 1862 supradictis
861 1803 980 1864 opponit,
991 1804 1028 1850 ait
1040 1800 1227 1862 Theodoretus;

165 1875 296 1930 saeuae,
312 1871 370 1934 guis
390 1873 504 1934 coguoeit
521 1872 665 1934 ecpicutioe,
681 1875 737 1934 quie
753 1871 942 1923 ooaelieries...
962 1872 1070 1932 divtiis,
1086 1876 1142 1935 quis
1156 1875 1229 1936 prior

164 1945 232 1994 dedit
244 1941 295 1991 illi.
686 1964 690 1971 ·

195 2014 256 2076 Quis
267 2015 385 2075 cognorit
396 2016 510 2064 mentem
527 2011 648 2061 nominis
662 2024 727 2068 reor,
744 2012 801 2074 quis
823 2011 877 2071 ejus
896 2009 995 2060 consilii
1015 2011 1141 2072 particeps
1162 2007 1228 2059 tuit?

163 2085 242 2146 Reges
254 2085 348 2132 terreni
359 2084 516 2132 consiliarios
526 2080 634 2140 hahent,
645 2082 688 2142 qui
701 2083 814 2143 ipsorum
826 2083 921 2129 secreta
931 2079 1027 2128 nitunt
1039 2093 1045 2127 :
1057 2078 1228 2138 Damnatam,

164 2153 217 2204 Rex
228 2153 340 2215 Regum,
351 2153 384 2202 ad
397 2166 443 2202 sua
457 2149 564 2202 consilia
580 2151 711 2200 neminem
724 2149 853 2212 admittit5
869 2149 896 2199 id
908 2149 1009 2202 tantdm
1026 2152 1147 2206 novimus
1163 2150 1229 2212 quod

163 2223 237 2273 nobis
250 2221 362 2271 revelare
375 2220 503 2284 dignatur.

194 2292 255 2353 Quis
266 2292 336 2342 dedit
350 2291 538 2356 iico,qnor1ah
556 2290 669 2355 soprius
687 2304 739 2343 non
757 2291 896 2355 acceperit,
913 2288 982 2341 undo
996 2292 1228 2342 remunerationem

164 2361 254 2412 debem
269 2364 430 2425 exspectare?
445 2360 541 2411 nullus.

195 2447 235 2494 36.
250 2444 376 2503 Quoniam
389 2456 418 2492 ec
433 2444 505 2505 ipso,
518 2449 541 2492 et
550 2457 596 2506 per
612 2444 712 2506 ipsum,
727 2448 750 2494 et
761 2443 884 2506 inipso...
896 2442 934 2493 Ab
948 2442 1017 2505 ipso,
1031 2446 1156 2505 tunquam
1169 2457 1228 2493 auc-

163 2516 235 2573 tores
248 2528 294 2575 per
308 2512 410 2574 ipsam,
427 2515 456 2561 ut
470 2516 691 2574 conservatorem
707 2514 735 2565 io
746 2514 819 2575 ipso,
832 2524 877 2561 seu
888 2515 916 2561 ut
928 2513 956 2560 in
973 2511 1074 2573 (irtaco,
1086 2514 1225 2577 adipsum,

164 2582 294 2640 ιὶςαῠτον,
305 2588 428 2644 tanquam
439 2582 562 2632 adfinem
579 2583 714 2645 mimum,
726 2585 777 2647 ipsi
787 2584 873 2647 ouria
889 2585 918 2633 ia
931 2584 1030 2641 secula,
1044 2598 1127 2635 umen.

194 2651 327 2704 cornetae
338 2653 355 2701 a
366 2651 474 2713 lapide,
484 2655 575 2713 etpost
586 2653 671 2714 ipsum
683 2653 806 2715 Tyrinus,
815 2654 906 2704 volunt
914 2652 963 2703 hoc
976 2654 1005 2703 li.
1017 2654 1089 2703 Pauli
1101 2656 1224 2718 exemplo,

163 2723 190 2768 et
209 2720 340 2770 cummuni
357 2717 534 2781 Apostolorum
552 2734 602 2770 usu
620 2724 646 2769 et
665 2724 841 2785 institutione,
857 2726 961 2785 cepisse
978 2724 1005 2771 in
1026 2723 1140 2775 Ecclesia
1162 2726 1225 2775 hanc

163 2792 329 2840 mmissimre
338 2790 468 2840 Trinitatis
480 2790 636 2853 doxologiam
647 2811 653 2841 ι
664 2792 748 2843 Gloria
760 2792 837 2854 Patri,
845 2798 870 2843 et
881 2794 943 2844 lilio
952 2830 959 2855 ‚
968 2797 992 2843 et
1005 2794 1111 2855 Spiritui
1121 2796 1223 2854 Sancto;

163 2864 192 2909 ct
202 2860 222 2910 d,
230 2858 344 2909 Concilio
353 2858 454 2911 Niceno
470 2860 587 2912 additum
605 2861 683 2913 luisse
695 2882 702 2913 r
715 2864 782 2913 sicut
796 2868 852 2915 erat
869 2865 895 2913 tu
909 2866 1048 2927 principio,
1061 2867 1086 2914 et
1101 2878 1188 2926 nunc,
1202 2872 1225 2913 et

163 2941 280 2991 semper,
296 2932 323 2979 et
332 2929 362 2980 ie
373 2928 459 2980 monta
469 2930 629 2994 seculorum,
640 2944 726 2983 amen.
738 2933 822 2984 Gitant
832 2933 861 2983 i).
874 2933 996 2983 Basilim
1005 2970 1013 2995 ‚
1022 2934 1115 2985 Boron.
1127 2939 1189 2985 tom.
1202 2940 1223 2984 3.

193 3070 367 3134 moriretur,
380 3070 1017 3136 exuuoomnia3gloriaFilio‚perque1nomnia;
1030 3071 1109 3135 deria
1122 3075 1223 3139 Spiritui

163 3142 272 3206 Sancto,
286 3146 314 3193 in
326 3156 377 3208 qua
388 3146 489 3205 omnia,
501 3149 550 3195 etc.
562 3143 624 3194 Vide
636 3143 709 3207 plura
720 3156 761 3207 ep.
773 3143 873 3194 cornel.

467 3252 626 3291 cessaveris
638 3241 668 3290 ie
682 3252 709 3290 n.
721 3240 761 3301 ⁸25,
774 3242 813 3301 28,
827 3243 866 3302 30,
879 3244 918 3291 et.

193 3329 283 3380 lirrare
302 3328 531 3394 obstupescendum
544 3330 591 3379 liei
606 3328 746 3390 iudicium,
760 3340 810 3390 quo
830 3328 943 3379 decrevit
960 3330 1087 3382 contrmia
1101 3340 1148 3393 per
1165 3342 1221 3379 con·

162 3402 240 3450 traria
258 3399 391 3462 perticere;
405 3412 435 3449 ex
455 3398 601 3449 ludaeerum
621 3396 799 3448 incredulitate
815 3396 891 3448 tidem
904 3401 1017 3460 gentium
1037 3399 1124 3449 eduxit
1138 3419 1144 3449 =
1158 3405 1182 3448 et
1199 3404 1224 3449 in

161 3469 214 3520 tine
224 3469 328 3528 muudi,
340 3472 454 3530 gentium
464 3469 514 3519 tide
525 3472 611 3517 utetur
620 3468 653 3517 ad
661 3467 807 3517 iudeorum
817 3468 1020 3519 incredulitatem
1031 3469 1222 3537 destruendamr

162 3545 226 3589 tunc
236 3540 306 3588 enim
316 3537 455 3587 Gentilium
465 3538 579 3602 exemplo
589 3538 718 3601 provocati
729 3574 736 3599 ,
746 3536 805 3587 ltdei
819 3536 962 3587 doctrinam
973 3539 1120 3601 suscipient.

194 3609 246 3658 iioc
259 3604 392 3670 Apostolus
408 3612 482 3656 vocat
499 3609 666 3671 mysterium,
683 3618 727 3657 seu
744 3606 860 3656 mirabile
874 3618 1014 3669 arcanum,
1032 3611 1057 3657 et
1074 3606 1224 3671 stupendum

162 3678 304 3739 judicium,
315 3688 343 3725 n.
355 3678 395 3723 25.
407 3679 432 3723 et
443 3674 506 3725 illud
519 3679 600 3739 aperit
611 3690 639 3727 n.
656 3680 695 3736 30,
710 3680 749 3726 31.

194 3745 308 3796 Alterum
320 3748 484 3808 mysterium,
500 3746 640 3808 etquidem
653 3744 792 3805 honitatis,
803 3758 830 3796 n.
842 3748 881 3797 28.
898 3746 930 3795 ob
941 3748 1041 3796 sanctos
1054 3744 1223 3805 patriarchas,

164 3809 260 3874 iudai,
273 3813 334 3863 licet
345 3810 469 3863 incredmi
489 3817 515 3862 et
528 3816 657 3877 obdurati,
671 3814 721 3864 lico
732 3816 819 3865 tamen
834 3818 895 3866 sunt
912 3815 999 3877 chari;
1013 3826 1066 3865 non
1079 3816 1172 3865 deserit
1185 3828 1223 3863 eos

163 3883 279 3947 penitus,
290 3884 334 3932 sed
351 3882 382 3931 de
397 3882 500 3932 illorum
520 3882 601 3933 salute
617 3888 643 3933 et
658 3887 822 3935 conversione
837 3885 922 3935 futura
940 3886 1032 3947 cogitat
1041 3904 1048 3945 ς
1061 3887 1086 3935 et
1098 3886 1165 3935 sicut
1181 3886 1223 3933 lu·

164 3951 278 4003 deorum
294 3950 440 4012 infidelitate
456 3962 519 4001 usus
536 3957 573 4001 est
583 3953 615 4001 ad
628 3952 704 4002 tidem
715 3952 856 4005 Gentilibus
869 3954 978 4005 dandam
987 3990 995 4015 ‚
1005 3954 1041 4004 ita
1051 3952 1100 4003 tide
1110 3956 1224 4017 gentibue

166 4016 225 4073 dcta
242 4020 327 4076 uetur
347 4020 378 4071 itt
392 4018 444 4071 tine
461 4018 565 4085 meavit,
581 4009 619 4072 αὖ
632 4020 781 4074 sociatus
798 4021 943 4077 irtacum
959 4020 1151 4093 infidelitatem
1164 4027 1224 4080 tunc
