2559 4450
176 281 232 334 too
410 348 413 352 ⁸
469 269 679 332 emsroun
697 263 952 329 unnoutitos

174 373 235 430 boii
258 382 365 434 summi
382 381 441 436 spes
458 372 545 421 sntsm
566 380 619 420 non
640 369 679 418 est
702 365 733 418 de
748 377 776 416 re
798 358 1243 434 musSpesautemquaevidetur,

174 446 290 508 iraefflntl
301 447 327 492 ot
341 453 397 504 que
410 444 528 502 meinis
541 438 608 501 ΨΜ
619 439 690 490 essim
700 435 776 488 habet
798 435 907 500 nonest
917 456 1072 512 spes2nem
1080 439 1161 508 quod
1169 440 1246 493 videt

174 515 201 566 ot
210 519 279 566 tenet
292 513 385 575 homo,
399 512 462 571 illud
475 525 522 562 our
533 511 637 574 speret?
799 524 879 590 quis,
897 522 966 591 quid
981 520 1093 589 sperat?

204 605 270 655 cum
287 617 347 666 ergo
358 615 414 666 spes
425 604 458 652 sit
468 602 613 652 absentium
624 635 631 660 ,
647 609 699 648 non
711 607 777 660 prae-
832 605 877 657 25.
894 603 924 656 st
935 607 1029 656 autem
1040 599 1119 668 quod
1130 612 1193 652 non
1204 597 1247 649 vi.

174 679 300 735 sentium,
311 676 373 724 hino
387 674 578 735 ingemiscimus
589 674 614 718 et
622 681 667 732 per
676 669 776 730 petien-
799 680 914 746 demus,
935 692 1098 747 speramus,
1110 689 1172 744 W
1194 690 1247 742 pa.

175 748 238 798 tiam
251 748 438 807 exspectamus,
449 741 530 792 donee
542 741 724 804 possideamus.
799 758 925 812 pientiam
933 762 1137 824 exspectamus·

205 839 327 890 Pretered
338 842 363 888 et
374 839 482 901 Spiritus
493 838 601 888 Snnotus
608 839 724 887 nostrum
732 834 777 885 ad·
833 837 878 888 26.
891 834 1022 888 Similiter
1030 837 1127 886 autem
1133 835 1165 884 et
1181 830 1245 896 Spi-

174 907 514 971 juvutinflrmitutem,qnae
529 908 777 966 tuntuest,utnes-
799 911 869 963 ritus
903 909 1016 976 adjuvat
1054 907 1246 960 infirmitatem

176 980 274 1026 siamus
292 974 354 1037 quid
377 979 423 1024 eut
446 975 555 1037 qualiter
577 985 694 1034 oremus,
705 974 777 1022 siout
799 992 924 1042 nostram
935 1004 942 1041 :
955 999 1021 1039 nam
1030 985 1099 1052 quid
1112 997 1244 1046 oremus,

176 1048 290 1130 oportet,
301 1049 332 1094 ut
346 1045 529 1126 exaudiemur}
543 1042 587 1092 sed
595 1045 653 1122 ⁴ipse
669 1043 777 1104 Spiritus
800 1067 872 1120 sicut
883 1069 1009 1132 oportet,
1021 1062 1180 1126 nescim„
1196 1060 1246 1112 sed

176 1117 294 1166 iiabrtens
309 1119 336 1165 in
346 1115 433 1174 nobis,
446 1116 576 1173 nostrique
589 1125 678 1161 nurum
689 1114 778 1174 singu·

176 1183 257 1234 istem
272 1196 374 1247 gerens,
385 1181 495 1244 postulat
504 1193 550 1242 pro
562 1181 635 1244 nobis
646 1184 718 1231 tunto
728 1181 779 1231 ier-

176 1266 237 1332 roro
253 1258 279 1305 et
289 1251 466 1312 vehementit,
484 1253 513 1306 ut
525 1261 573 1301 neo
585 1261 703 1304 enarrare
718 1262 777 1313 pos—

178 1333 267 1373 umus.

800 1145 860 1210 ipse
873 1141 992 1209 Spiritus
1004 1140 1127 1208 postulat
1134 1151 1188 1206 pro
1198 1152 1246 1190 uo·

799 1217 1243 1292 bisgemitibusinenarrabiiibus.

178 1507 211 1556 nd
221 1505 358 1569 perfectam
371 1505 547 1566 adoptionem,
561 1516 606 1553 seu
617 1503 650 1554 ed
664 1503 709 1554 Dei
724 1503 830 1566 glorium
841 1523 849 1555 r
862 1505 921 1566 quis
940 1501 1052 1564 scillcet,
1066 1515 1111 1566 spe
1123 1502 1244 1565 tentum,

178 1575 293 1626 nondum
307 1587 352 1634 re,
365 1573 432 1622 soioi
447 1571 509 1633 souti
523 1585 620 1622 mneos.

210 1646 272 1708 Spes
284 1649 368 1694 uuum
381 1656 436 1706 que
447 1643 547 1693 uidetur
548 1676 597 1692 .....
607 1643 634 1692 id
648 1647 700 1705 est,
712 1658 767 1707 spes
780 1643 1135 1704 animumanimum
1144 1643 1246 1694 uidetur

179 1719 205 1764 et
217 1714 374 1778 possidetur;
389 1727 449 1762 oum
467 1715 535 1775 quod
549 1714 617 1763 uidet
631 1716 704 1777 quis,
717 1719 760 1764 etc.
777 1714 803 1764 id
817 1717 868 1776 est,
880 1714 948 1776 quod
965 1715 1022 1776 quis
1036 1712 1121 1774 videt,
1133 1715 1204 1764 tenet
1220 1719 1245 1763 et

178 1783 306 1848 possidet;
319 1796 365 1833 eur
375 1785 458 1844 speret
473 1781 549 1844 iliud,
564 1783 624 1833 edm
634 1786 690 1845 jem
701 1783 812 1833 habenti

209 1874 249 1922 25.
266 1873 295 1924 Si
311 1877 395 1922 eutem
409 1871 476 1934 quod
486 1884 536 1919 ooo
547 1872 692 1920 uidemus...
709 1870 769 1920 oiim
781 1883 837 1934 spes
850 1873 883 1920 sit
893 1881 980 1919 rerum
998 1881 1049 1920 uon
1064 1873 1242 1934 presentium,

178 1941 222 1993 sod
230 1940 375 1990 futurarum
384 1943 410 1990 et
420 1938 645 2003 exspeomndarum
653 1949 698 2001 per
706 1933 855 2001 putier‘iiiam
865 1959 873 2000 t
883 1936 945 1988 hino
955 1939 1155 2001 ingemiscimus,
1164 1940 1243 1994 donet

178 2012 362 2076 possideamus.

178 2117 183 2124 ·
209 2083 330 2132 iiaeovita
349 2081 408 2132 vert
427 2079 544 2130 fidelibus
561 2081 600 2130 est
623 2079 830 2142 exspectationis,
849 2077 972 2142 gemitus,
988 2081 1014 2128 et
1032 2081 1161 2143 potientis
1181 2085 1241 2132 vitu.

178 2154 256 2216 Impii
270 2154 364 2202 ducunt
373 2151 494 2201 otium-iu
508 2149 578 2199 bonis
596 2152 621 2198 et
636 2151 664 2197 in
681 2148 771 2210 gaudio
781 2169 788 2210 ;
800 2151 945 2199 moriuntur
958 2154 1043 2198 sutem
1061 2151 1088 2199 in
1099 2153 1242 2212 gemitibus.

179 2223 241 2275 Vere
250 2222 334 2273 ddeles
344 2225 449 2285 gemunt
459 2222 559 2281 inulte,
568 2218 687 2269 iaetentur
701 2221 728 2269 in
738 2221 805 2270 exitu
817 2240 824 2271 z
838 2219 945 2271 lutatus
954 2221 1048 2271 eumin
1061 2220 1164 2286 bs'suuoe
1178 2224 1243 2275 dicto

179 2300 237 2345 sont
251 2294 332 2351 mibi,
343 2294 371 2341 in
385 2294 488 2345 domum
504 2290 606 2339 Domini
618 2289 722 2338 ibimus.
942 2314 946 2323 ·

211 2385 250 2433 26.
270 2380 392 2433 Similiter
406 2385 491 2431 uuum
502 2383 525 2428 et
540 2378 652 2443 Spiritus
669 2377 805 2443 adjuvat...
819 2376 863 2430 Gr.
884 2377 960 2430 simul
978 2379 1068 2443 resipit
1082 2378 1243 2432 infirmitates

180 2455 287 2504 nostrus.
301 2451 357 2519 Spr.
370 2449 517 2512 opitulatur.
939 2480 950 2497 .

209 2522 299 2572 itidem
314 2524 340 2571 et
354 2520 463 2583 Spiritus
481 2518 591 2569 Sanetus
611 2517 690 2568 simui
709 2519 832 2581 susoipit,
851 2530 895 2568 seu
910 2520 1067 2581 oonsusoipit
1083 2518 1242 2571 infirmitates

180 2596 292 2654 nostrus,
308 2592 334 2641 id
348 2594 401 2650 est,
415 2601 457 2639 ess
473 2590 546 2649 uuest
563 2600 643 2637 manu
664 2588 808 2651 suppositi,
826 2588 960 2638 nobiscum
977 2592 1116 2650 sustentat,
1131 2602 1165 2639 ne
1180 2591 1241 2641 deii-

180 2665 278 2713 etemus
290 2664 316 2710 et
325 2660 450 2707 iubemur.

210 2732 276 2780 Nom
290 2729 351 2790 quid
361 2740 477 2783 oremus,
486 2725 553 2775 siout
564 2726 835 2787 oportunissimos...
848 2727 927 2777 Tanta
942 2731 980 2778 est
990 2728 1127 2779 infirmitas
1140 2733 1240 2790 nostra,

180 2803 210 2851 ut
220 2798 355 2860 nequidem
364 2798 475 2845 sciamus
485 2796 547 2857 quid
554 2800 599 2845 ant
605 2795 714 2858 qualiter
724 2798 910 2856 oremus,siout
917 2802 1021 2861 oportet,
1031 2800 1061 2847 ut
1068 2797 1240 2849 exaudiemur.

212 2869 261 2917 Sed
270 2868 323 2928 ipse
335 2864 463 2926 spiritus,
475 2862 572 2914 scilieet
581 2864 698 2915 habitans
713 2867 740 2914 iu
751 2866 840 2927 uobis,
851 2866 980 2928 nostrique
991 2879 1080 2917 ourem
1090 2880 1181 2928 gerens
1192 2871 1242 2917 sin·

180 2936 307 3002 guiurem3
317 2933 430 2998 postulet
442 2946 492 2997 pro
511 2934 599 2994 nobis,
610 2937 635 2984 et
650 2933 706 2986 loeo
724 2934 804 2986 nostri
821 2936 889 3000 apud
903 2936 1000 2997 Deum,
1016 2936 1160 2999 interpellat
1172 2942 1241 3000 quusi

180 3010 325 3061 edvoontus.

211 3078 323 3130 Postulat
329 3079 416 3128 nutem
426 3090 494 3139 ,non
504 3080 558 3140 ipse
566 3077 648 3139 solus,
657 3078 700 3129 sod
709 3077 759 3128 und
767 3076 900 3129 nobiseum
907 3081 932 3127 ot
938 3090 983 3141 per
990 3089 1050 3138 nos,
1059 3076 1122 3127 dum
1130 3083 1240 3127 mentem

180 3154 207 3203 et
216 3162 260 3200 oor
273 3150 389 3199 nostrum
399 3148 490 3209 ,onesi
503 3160 549 3196 sue
566 3147 695 3209 membre,
711 3152 809 3209 movet,
828 3146 967 3208 illuminat,
982 3146 1099 3197 eooendit
1111 3150 1138 3196 ot
1153 3151 1240 3197 excitat

180 3220 214 3272 ud
230 3219 371 3280 erundum,
391 3221 417 3268 et
439 3217 575 3279 uiiqnnudo
593 3220 665 3267 tento
689 3217 794 3278 ardore,
812 3218 933 3279 tentique
950 3216 1128 3279 vehemenbt,
1148 3221 1177 3267 ut
1196 3231 1240 3267 neo

181 3302 271 3355 mpero
279 3328 286 3350 ,
295 3300 343 3339 neo
358 3300 476 3338 euertere
486 3289 631 3349 possimus:
647 3286 704 3337 ided
717 3286 850 3349 pemitibus
863 3286 1087 3337 inenarrabilibus.
1102 3334 1108 3345 ,

210 3362 284 3412 Hune
297 3360 385 3411 Sunoti
403 3358 512 3422 Spiritus
528 3356 648 3407 eiieotum
664 3360 694 3407 ut
708 3356 809 3420 plenius
826 3355 1080 3419 iustissimorum
1094 3354 1239 3409 bituminis

181 3432 318 3483 miserium.
542 3456 546 3464 -

210 3498 278 3550 Adeo
289 3500 375 3549 miseri
386 3511 493 3566 sumus,
505 3501 536 3552 ut
545 3496 663 3546 omnibus
676 3493 841 3557 indigeamus.

210 3568 279 3621 siet
293 3569 404 3629 infirmi,
415 3573 445 3617 ut
455 3571 539 3631 petere
550 3580 603 3617 non
614 3565 753 3617 valeamus.

211 3637 280 3690 Adeb
291 3640 370 3699 ignari
380 3675 387 3697 ,
398 3640 428 3685 ut
439 3649 489 3687 nee
504 3638 615 3687 sciamus
625 3636 689 3699 quid
701 3639 785 3699 petere
796 3634 941 3687 debeamus.

211 3709 319 3759 Advorte
329 3710 357 3756 2⁰
370 3706 456 3756 Sanoti
468 3706 577 3770 Spiritus
586 3705 719 3767 auxilium.

212 3780 321 3843 Spiritus
339 3778 447 3827 Sunotus
464 3790 509 3839 pm
526 3777 676 3829 charitatem
699 3777 816 3829 sordibus
838 3778 931 3841 nostris
946 3774 1073 3837 infusam,
1092 3772 1197 3825 factito
1214 3776 1240 3825 ut

181 3850 320 3901 tondemus
330 3845 398 3909 quod
413 3856 515 3905 snmus,
527 3846 624 3897 scilieet
636 3848 739 3906 miseri;
756 3832 1106 3907 2⁰adfuvatiniirn1itutem,
1122 3848 1152 3895 ut
1172 3858 1241 3895 oraro

183 3920 308 3982 possimus
316 3936 323 3976 ;
331 3920 357 3965 3⁰
368 3916 468 3992 iecit‘ut
478 3917 602 3977 sciemus,
610 3917 791 3977 desideremus,
801 3921 826 3967 et
837 3920 952 3979 petemus
962 3914 1030 3978 quod
1039 3926 1093 3964 esse
1105 3912 1240 3965 debemus:

183 3989 210 4039 et
221 3983 254 4033 ob
267 3984 296 4033 td
309 3986 434 4047 geminius
446 3980 605 4054 ineffabiliter
611 4005 621 4045 ;
636 3985 663 4036 id
678 3988 731 4043 est.
743 3984 804 4051 iuuit
822 3988 851 4038 ut
863 3996 964 4038 oremus
979 3982 1050 4037 tanti
1063 3985 1089 4038 vi
1100 4020 1108 4048 ‚
1121 3987 1240 4049 tantoque
