<?xml version="1.0" encoding="UTF-8"?>
<!DOCTYPE html PUBLIC "-//W3C//DTD XHTML 1.0 Transitional//EN"
    "http://www.w3.org/TR/xhtml1/DTD/xhtml1-transitional.dtd">
<html xmlns="http://www.w3.org/1999/xhtml" xml:lang="en" lang="en">
 <head>
  <title>
</title>
<meta http-equiv="Content-Type" content="text/html;charset=utf-8" />
  <meta name='ocr-system' content='tesseract 3.04.00' />
  <meta name='ocr-capabilities' content='ocr_page ocr_carea ocr_par ocr_line ocrx_word'/>
</head>
<body>
  <div class='ocr_page' id='page_1' title='image "./epistolarumbpau03berngoog/epistolarumbpau03berngoog_0150.png"; bbox 0 0 2559 4450; ppageno 0'>
   <div class='ocr_carea' id='block_1_1' title="bbox 305 351 1135 429">
    <p class='ocr_par' dir='ltr' id='par_1_1' title="bbox 305 351 1135 429">
     <span class='ocr_line' id='line_1_1' title="bbox 305 351 1135 429; baseline 0.011 -9"><span class='ocrx_word' id='word_1_1' title='bbox 305 364 478 422; x_wconf 82' lang='lat' dir='ltr'>rnrrtar</span> <span class='ocrx_word' id='word_1_2' title='bbox 496 351 727 427; x_wconf 78' lang='lat' dir='ltr'>axsoirrrc.</span> <span class='ocrx_word' id='word_1_3' title='bbox 746 369 829 428; x_wconf 80' lang='lat' dir='ltr'>cir.</span> <span class='ocrx_word' id='word_1_4' title='bbox 845 373 896 428; x_wconf 85' lang='lat' dir='ltr'>rx.</span> <span class='ocrx_word' id='word_1_5' title='bbox 1081 375 1135 429; x_wconf 72' lang='lat' dir='ltr'>aar</span> 
     </span>
    </p>
   </div>
   <div class='ocr_carea' id='block_1_2' title="bbox 54 461 1136 943">
    <p class='ocr_par' dir='ltr' id='par_1_2' title="bbox 56 461 1136 595">
     <span class='ocr_line' id='line_1_2' title="bbox 58 461 1136 531; baseline 0.015 -24"><span class='ocrx_word' id='word_1_6' title='bbox 58 461 118 522; x_wconf 89' lang='lat' dir='ltr'>post</span> <span class='ocrx_word' id='word_1_7' title='bbox 137 461 261 513; x_wconf 82' lang='lat' dir='ltr'>eventum</span> <span class='ocrx_word' id='word_1_8' title='bbox 271 463 309 514; x_wconf 85' lang='lat' dir='ltr'>rel</span> <span class='ocrx_word' id='word_1_9' title='bbox 319 462 460 526; x_wconf 76' lang='lat' dir='ltr'>predicte,</span> <span class='ocrx_word' id='word_1_10' title='bbox 471 461 602 526; x_wconf 75' lang='lat' dir='ltr'>mucrona</span> <span class='ocrx_word' id='word_1_11' title='bbox 613 469 670 528; x_wconf 89' lang='lat' dir='ltr'>post</span> <span class='ocrx_word' id='word_1_12' title='bbox 684 467 785 529; x_wconf 85' lang='lat' dir='ltr'>secula,</span> <span class='ocrx_word' id='word_1_13' title='bbox 804 467 906 531; x_wconf 83' lang='lat' dir='ltr'>iacobi,</span> <span class='ocrx_word' id='word_1_14' title='bbox 921 471 946 520; x_wconf 82' lang='lat' dir='ltr'>et</span> <span class='ocrx_word' id='word_1_15' title='bbox 963 466 1136 524; x_wconf 73' lang='lat' dir='ltr'>laedbaorain</span> 
     </span>
     <span class='ocr_line' id='line_1_3' title="bbox 56 531 1081 595; baseline 0.012 -16"><span class='ocrx_word' id='word_1_16' title='bbox 56 531 177 593; x_wconf 80' lang='lat' dir='ltr'>praeiatlo</span> <span class='ocrx_word' id='word_1_17' title='bbox 187 537 295 584; x_wconf 86' lang='lat' dir='ltr'>vocatur</span> <span class='ocrx_word' id='word_1_18' title='bbox 307 546 392 595; x_wconf 66' lang='lat' dir='ltr'>amon</span> <span class='ocrx_word' id='word_1_19' title='bbox 406 534 520 594; x_wconf 80' lang='lat' dir='ltr'>Esau,et</span> <span class='ocrx_word' id='word_1_20' title='bbox 530 535 699 586; x_wconf 77' lang='lat' dir='ltr'>ldumaeorum</span> <span class='ocrx_word' id='word_1_21' title='bbox 710 537 854 588; x_wconf 87' lang='lat' dir='ltr'>humiliatio</span> <span class='ocrx_word' id='word_1_22' title='bbox 865 543 971 590; x_wconf 86' lang='lat' dir='ltr'>vocatur</span> <span class='ocrx_word' id='word_1_23' title='bbox 984 539 1081 591; x_wconf 87' lang='lat' dir='ltr'>odium.</span> 
     </span>
    </p>

    <p class='ocr_par' dir='ltr' id='par_1_3' title="bbox 54 603 1135 943">
     <span class='ocr_line' id='line_1_4' title="bbox 88 603 1135 662; baseline 0.011 -12"><span class='ocrx_word' id='word_1_24' title='bbox 88 606 116 650; x_wconf 79' lang='lat'>2.</span> <span class='ocrx_word' id='word_1_25' title='bbox 129 603 264 654; x_wconf 87' lang='lat' dir='ltr'>Noiandus</span> <span class='ocrx_word' id='word_1_26' title='bbox 281 604 385 654; x_wconf 83' lang='lat' dir='ltr'>ellectus</span> <span class='ocrx_word' id='word_1_27' title='bbox 406 604 476 655; x_wconf 89' lang='lat' dir='ltr'>illius</span> <span class='ocrx_word' id='word_1_28' title='bbox 491 608 586 656; x_wconf 88' lang='lat' dir='ltr'>amoris</span> <span class='ocrx_word' id='word_1_29' title='bbox 604 611 650 656; x_wconf 88' lang='lat' dir='ltr'>aut</span> <span class='ocrx_word' id='word_1_30' title='bbox 663 608 732 657; x_wconf 78' lang='lat' dir='ltr'>odii:</span> <span class='ocrx_word' id='word_1_31' title='bbox 746 610 778 658; x_wconf 94' lang='lat' dir='ltr'>ob</span> <span class='ocrx_word' id='word_1_32' title='bbox 793 610 841 660; x_wconf 88' lang='lat' dir='ltr'>hoc</span> <span class='ocrx_word' id='word_1_33' title='bbox 858 615 946 660; x_wconf 89' lang='lat' dir='ltr'>autem</span> <span class='ocrx_word' id='word_1_34' title='bbox 965 611 1135 662; x_wconf 83' lang='lat' dir='ltr'>consulendus</span> 
     </span>
     <span class='ocr_line' id='line_1_5' title="bbox 56 671 1135 734; baseline 0.009 -14"><span class='ocrx_word' id='word_1_35' title='bbox 56 676 96 719; x_wconf 87' lang='lat' dir='ltr'>ast</span> <span class='ocrx_word' id='word_1_36' title='bbox 107 671 268 733; x_wconf 77' lang='lat' dir='ltr'>Mabchias,</span> <span class='ocrx_word' id='word_1_37' title='bbox 284 686 361 734; x_wconf 79' lang='lat' dir='ltr'>ouem</span> <span class='ocrx_word' id='word_1_38' title='bbox 374 673 431 723; x_wconf 93' lang='lat' dir='ltr'>ideo</span> <span class='ocrx_word' id='word_1_39' title='bbox 442 677 504 723; x_wconf 89' lang='lat' dir='ltr'>citat</span> <span class='ocrx_word' id='word_1_40' title='bbox 515 673 544 724; x_wconf 85' lang='lat' dir='ltr'>b.</span> <span class='ocrx_word' id='word_1_41' title='bbox 557 675 659 725; x_wconf 86' lang='lat' dir='ltr'>Paulus.</span> <span class='ocrx_word' id='word_1_42' title='bbox 674 677 711 726; x_wconf 84' lang='lat' dir='ltr'>Ex</span> <span class='ocrx_word' id='word_1_43' title='bbox 722 678 845 728; x_wconf 84' lang='lat' dir='ltr'>ldalacbla</span> <span class='ocrx_word' id='word_1_44' title='bbox 856 683 944 728; x_wconf 87' lang='lat' dir='ltr'>autem</span> <span class='ocrx_word' id='word_1_45' title='bbox 955 682 1049 729; x_wconf 85' lang='lat' dir='ltr'>amoris</span> <span class='ocrx_word' id='word_1_46' title='bbox 1066 681 1135 731; x_wconf 78' lang='lat' dir='ltr'>illius</span> 
     </span>
     <span class='ocr_line' id='line_1_6' title="bbox 55 742 1135 811; baseline 0.012 -24"><span class='ocrx_word' id='word_1_47' title='bbox 55 742 170 790; x_wconf 80' lang='lat' dir='ltr'>enectus</span> <span class='ocrx_word' id='word_1_48' title='bbox 184 745 223 790; x_wconf 88' lang='lat' dir='ltr'>est</span> <span class='ocrx_word' id='word_1_49' title='bbox 233 779 240 802; x_wconf 95' lang='lat'>,</span> <span class='ocrx_word' id='word_1_50' title='bbox 252 745 332 792; x_wconf 86' lang='lat' dir='ltr'>terras</span> <span class='ocrx_word' id='word_1_51' title='bbox 344 742 437 792; x_wconf 89' lang='lat' dir='ltr'>babere</span> <span class='ocrx_word' id='word_1_52' title='bbox 451 743 557 804; x_wconf 78' lang='lat' dir='ltr'>fertiles,</span> <span class='ocrx_word' id='word_1_53' title='bbox 571 745 660 794; x_wconf 89' lang='lat' dir='ltr'>reduci</span> <span class='ocrx_word' id='word_1_54' title='bbox 671 746 686 794; x_wconf 84' lang='grc'>1</span> <span class='ocrx_word' id='word_1_55' title='bbox 697 749 843 808; x_wconf 74' lang='lat' dir='ltr'>captivitate</span> <span class='ocrx_word' id='word_1_56' title='bbox 854 749 1008 811; x_wconf 82' lang='lat' dir='ltr'>Babylonica</span> <span class='ocrx_word' id='word_1_57' title='bbox 1018 785 1025 810; x_wconf 88' lang='lat'><strong><em>‚</em></strong></span> <span class='ocrx_word' id='word_1_58' title='bbox 1037 753 1086 800; x_wconf 88' lang='lat' dir='ltr'>etc.</span> <span class='ocrx_word' id='word_1_59' title='bbox 1099 751 1135 800; x_wconf 88' lang='lat' dir='ltr'>ei-</span> 
     </span>
     <span class='ocr_line' id='line_1_7' title="bbox 54 808 1134 881; baseline 0.011 -25"><span class='ocrx_word' id='word_1_60' title='bbox 54 810 145 859; x_wconf 88' lang='lat' dir='ltr'>iectus</span> <span class='ocrx_word' id='word_1_61' title='bbox 165 808 227 861; x_wconf 86' lang='lat' dir='ltr'>verb</span> <span class='ocrx_word' id='word_1_62' title='bbox 240 811 306 870; x_wconf 91' lang='lat' dir='ltr'>odii,</span> <span class='ocrx_word' id='word_1_63' title='bbox 321 813 445 871; x_wconf 88' lang='lat' dir='ltr'>ingratam</span> <span class='ocrx_word' id='word_1_64' title='bbox 467 811 559 861; x_wconf 89' lang='lat' dir='ltr'>habere</span> <span class='ocrx_word' id='word_1_65' title='bbox 571 817 684 876; x_wconf 89' lang='lat' dir='ltr'>terram,</span> <span class='ocrx_word' id='word_1_66' title='bbox 697 816 725 864; x_wconf 92' lang='lat' dir='ltr'>ln</span> <span class='ocrx_word' id='word_1_67' title='bbox 743 818 890 878; x_wconf 75' lang='lat' dir='ltr'>captivitate</span> <span class='ocrx_word' id='word_1_68' title='bbox 903 818 1013 880; x_wconf 85' lang='lat' dir='ltr'>relinqui</span> <span class='ocrx_word' id='word_1_69' title='bbox 1024 854 1032 881; x_wconf 92' lang='lat'>,</span> <span class='ocrx_word' id='word_1_70' title='bbox 1044 831 1134 868; x_wconf 88' lang='lat' dir='ltr'>eorum</span> 
     </span>
     <span class='ocr_line' id='line_1_8' title="bbox 54 879 967 943; baseline 0.005 -16"><span class='ocrx_word' id='word_1_71' title='bbox 54 883 164 928; x_wconf 90' lang='lat' dir='ltr'>montes</span> <span class='ocrx_word' id='word_1_72' title='bbox 175 882 201 928; x_wconf 91' lang='lat' dir='ltr'>et</span> <span class='ocrx_word' id='word_1_73' title='bbox 216 883 311 928; x_wconf 90' lang='lat' dir='ltr'>terram</span> <span class='ocrx_word' id='word_1_74' title='bbox 323 882 351 928; x_wconf 89' lang='lat' dir='ltr'>iu</span> <span class='ocrx_word' id='word_1_75' title='bbox 367 879 530 930; x_wconf 79' lang='lat' dir='ltr'>solitudinem</span> <span class='ocrx_word' id='word_1_76' title='bbox 541 884 612 943; x_wconf 90' lang='lat' dir='ltr'>poni.</span> <span class='ocrx_word' id='word_1_77' title='bbox 950 894 967 924; x_wconf 74' lang='lat' dir='ltr'>e·</span> 
     </span>
    </p>
   </div>
   <div class='ocr_carea' id='block_1_3' title="bbox 53 947 1135 1363">
    <p class='ocr_par' dir='ltr' id='par_1_4' title="bbox 53 947 1135 1222">
     <span class='ocr_line' id='line_1_9' title="bbox 87 947 1134 1017; baseline 0.009 -21"><span class='ocrx_word' id='word_1_78' title='bbox 87 950 122 997; x_wconf 88' lang='lat' dir='ltr'>ln</span> <span class='ocrx_word' id='word_1_79' title='bbox 134 960 213 998; x_wconf 87' lang='lat' dir='ltr'>sensu</span> <span class='ocrx_word' id='word_1_80' title='bbox 223 949 310 1009; x_wconf 82' lang='lat' dir='ltr'>itaque</span> <span class='ocrx_word' id='word_1_81' title='bbox 317 947 420 998; x_wconf 86' lang='lat' dir='ltr'>litterali</span> <span class='ocrx_word' id='word_1_82' title='bbox 428 985 436 1010; x_wconf 82' lang='lat'>,</span> <span class='ocrx_word' id='word_1_83' title='bbox 445 951 523 998; x_wconf 87' lang='lat' dir='ltr'>etiam</span> <span class='ocrx_word' id='word_1_84' title='bbox 534 953 606 1009; x_wconf 81' lang='lat' dir='ltr'>iuxta</span> <span class='ocrx_word' id='word_1_85' title='bbox 619 950 768 1002; x_wconf 75' lang='lat' dir='ltr'>Malachiam</span> <span class='ocrx_word' id='word_1_86' title='bbox 780 989 786 1013; x_wconf 91' lang='lat'>,</span> <span class='ocrx_word' id='word_1_87' title='bbox 799 956 875 1002; x_wconf 91' lang='lat' dir='ltr'>unlus</span> <span class='ocrx_word' id='word_1_88' title='bbox 883 967 971 1014; x_wconf 89' lang='lat' dir='ltr'>amor,</span> <span class='ocrx_word' id='word_1_89' title='bbox 985 967 1029 1005; x_wconf 91' lang='lat' dir='ltr'>sau</span> <span class='ocrx_word' id='word_1_90' title='bbox 1046 955 1134 1017; x_wconf 82' lang='lat' dir='ltr'>prela·</span> 
     </span>
     <span class='ocr_line' id='line_1_10' title="bbox 53 1018 1133 1085; baseline 0.007 -19"><span class='ocrx_word' id='word_1_91' title='bbox 53 1021 92 1066; x_wconf 91' lang='lat' dir='ltr'>tio</span> <span class='ocrx_word' id='word_1_92' title='bbox 105 1018 322 1080; x_wconf 87' lang='lat' dir='ltr'>superalterum,</span> <span class='ocrx_word' id='word_1_93' title='bbox 336 1022 374 1067; x_wconf 91' lang='lat' dir='ltr'>est</span> <span class='ocrx_word' id='word_1_94' title='bbox 390 1020 419 1068; x_wconf 93' lang='lat' dir='ltr'>in</span> <span class='ocrx_word' id='word_1_95' title='bbox 432 1019 505 1068; x_wconf 90' lang='lat' dir='ltr'>donis</span> <span class='ocrx_word' id='word_1_96' title='bbox 516 1023 542 1068; x_wconf 91' lang='lat' dir='ltr'>et</span> <span class='ocrx_word' id='word_1_97' title='bbox 553 1021 694 1070; x_wconf 90' lang='lat' dir='ltr'>commodis</span> <span class='ocrx_word' id='word_1_98' title='bbox 703 1022 883 1084; x_wconf 84' lang='lat' dir='ltr'>temporalibus</span> <span class='ocrx_word' id='word_1_99' title='bbox 893 1041 900 1082; x_wconf 87' lang='lat'>;</span> <span class='ocrx_word' id='word_1_100' title='bbox 910 1021 1015 1072; x_wconf 86' lang='lat' dir='ltr'>alterius</span> <span class='ocrx_word' id='word_1_101' title='bbox 1025 1025 1112 1074; x_wconf 88' lang='lat' dir='ltr'>odium</span> <span class='ocrx_word' id='word_1_102' title='bbox 1125 1061 1133 1085; x_wconf 90' lang='lat'>,</span> 
     </span>
     <span class='ocr_line' id='line_1_11' title="bbox 53 1087 1133 1155; baseline 0.008 -20"><span class='ocrx_word' id='word_1_103' title='bbox 53 1102 103 1136; x_wconf 88' lang='lat' dir='ltr'>seu</span> <span class='ocrx_word' id='word_1_104' title='bbox 116 1089 267 1152; x_wconf 90' lang='lat' dir='ltr'>postpositio</span> <span class='ocrx_word' id='word_1_105' title='bbox 277 1124 284 1147; x_wconf 95' lang='lat'>,</span> <span class='ocrx_word' id='word_1_106' title='bbox 296 1091 334 1136; x_wconf 89' lang='lat' dir='ltr'>est</span> <span class='ocrx_word' id='word_1_107' title='bbox 344 1089 375 1136; x_wconf 90' lang='lat' dir='ltr'>in</span> <span class='ocrx_word' id='word_1_108' title='bbox 389 1087 462 1138; x_wconf 89' lang='lat' dir='ltr'>donis</span> <span class='ocrx_word' id='word_1_109' title='bbox 473 1092 499 1137; x_wconf 91' lang='lat' dir='ltr'>et</span> <span class='ocrx_word' id='word_1_110' title='bbox 517 1091 657 1140; x_wconf 89' lang='lat' dir='ltr'>commodis</span> <span class='ocrx_word' id='word_1_111' title='bbox 673 1091 855 1154; x_wconf 78' lang='lat' dir='ltr'>temporalibus</span> <span class='ocrx_word' id='word_1_112' title='bbox 869 1110 876 1140; x_wconf 83' lang='lat'>:</span> <span class='ocrx_word' id='word_1_113' title='bbox 889 1093 918 1140; x_wconf 93' lang='lat' dir='ltr'>in</span> <span class='ocrx_word' id='word_1_114' title='bbox 929 1091 978 1142; x_wconf 91' lang='lat' dir='ltr'>hoe</span> <span class='ocrx_word' id='word_1_115' title='bbox 987 1105 1045 1155; x_wconf 89' lang='lat' dir='ltr'>ergo</span> <span class='ocrx_word' id='word_1_116' title='bbox 1056 1096 1133 1144; x_wconf 83' lang='lat' dir='ltr'>etiam</span> 
     </span>
     <span class='ocr_line' id='line_1_12' title="bbox 55 1155 1135 1222; baseline 0.003 -18"><span class='ocrx_word' id='word_1_117' title='bbox 55 1162 131 1206; x_wconf 82' lang='lat' dir='ltr'>textu</span> <span class='ocrx_word' id='word_1_118' title='bbox 142 1193 150 1216; x_wconf 89' lang='lat'>,</span> <span class='ocrx_word' id='word_1_119' title='bbox 162 1155 228 1205; x_wconf 91' lang='lat' dir='ltr'>nihil</span> <span class='ocrx_word' id='word_1_120' title='bbox 246 1155 277 1205; x_wconf 91' lang='lat' dir='ltr'>de</span> <span class='ocrx_word' id='word_1_121' title='bbox 288 1156 520 1220; x_wconf 75' lang='lat' dir='ltr'>praedestinatione,</span> <span class='ocrx_word' id='word_1_122' title='bbox 532 1163 577 1207; x_wconf 88' lang='lat' dir='ltr'>aut</span> <span class='ocrx_word' id='word_1_123' title='bbox 587 1159 618 1208; x_wconf 89' lang='lat' dir='ltr'>de</span> <span class='ocrx_word' id='word_1_124' title='bbox 637 1161 823 1222; x_wconf 89' lang='lat' dir='ltr'>reprobatione.</span> <span class='ocrx_word' id='word_1_125' title='bbox 1121 1181 1135 1207; x_wconf 67' lang='lat' dir='ltr'>a</span> 
     </span>
    </p>

    <p class='ocr_par' dir='ltr' id='par_1_5' title="bbox 54 1226 1133 1363">
     <span class='ocr_line' id='line_1_13' title="bbox 87 1226 1133 1290; baseline 0.007 -15"><span class='ocrx_word' id='word_1_126' title='bbox 87 1227 180 1276; x_wconf 82' lang='lat' dir='ltr'>Restat</span> <span class='ocrx_word' id='word_1_127' title='bbox 194 1237 252 1287; x_wconf 91' lang='lat' dir='ltr'>ergo</span> <span class='ocrx_word' id='word_1_128' title='bbox 267 1226 434 1275; x_wconf 79' lang='lat' dir='ltr'>examinanda</span> <span class='ocrx_word' id='word_1_129' title='bbox 445 1241 518 1277; x_wconf 87' lang='lat' dir='ltr'>mens</span> <span class='ocrx_word' id='word_1_130' title='bbox 527 1228 637 1290; x_wconf 73' lang='lat' dir='ltr'>Apostoli</span> <span class='ocrx_word' id='word_1_131' title='bbox 648 1266 655 1289; x_wconf 91' lang='lat'>‚</span> <span class='ocrx_word' id='word_1_132' title='bbox 667 1229 728 1290; x_wconf 85' lang='lat' dir='ltr'>quid</span> <span class='ocrx_word' id='word_1_133' title='bbox 740 1230 858 1280; x_wconf 89' lang='lat' dir='ltr'>intendat</span> <span class='ocrx_word' id='word_1_134' title='bbox 874 1232 901 1279; x_wconf 94' lang='lat' dir='ltr'>in</span> <span class='ocrx_word' id='word_1_135' title='bbox 912 1230 1005 1281; x_wconf 91' lang='lat' dir='ltr'>horum</span> <span class='ocrx_word' id='word_1_136' title='bbox 1016 1233 1133 1282; x_wconf 85' lang='lat' dir='ltr'>textuum</span> 
     </span>
     <span class='ocr_line' id='line_1_14' title="bbox 54 1294 1052 1363; baseline 0.008 -17"><span class='ocrx_word' id='word_1_137' title='bbox 54 1297 202 1357; x_wconf 72' lang='lat' dir='ltr'>citatione,</span> <span class='ocrx_word' id='word_1_138' title='bbox 216 1298 244 1345; x_wconf 86' lang='lat' dir='ltr'>st</span> <span class='ocrx_word' id='word_1_139' title='bbox 253 1296 312 1359; x_wconf 84' lang='lat' dir='ltr'>quis</span> <span class='ocrx_word' id='word_1_140' title='bbox 326 1297 360 1345; x_wconf 90' lang='lat' dir='ltr'>sit</span> <span class='ocrx_word' id='word_1_141' title='bbox 370 1294 473 1346; x_wconf 90' lang='lat' dir='ltr'>illorum</span> <span class='ocrx_word' id='word_1_142' title='bbox 484 1310 573 1348; x_wconf 88' lang='lat' dir='ltr'>sensus</span> <span class='ocrx_word' id='word_1_143' title='bbox 585 1297 789 1360; x_wconf 88' lang='lat' dir='ltr'>allegoricus,ab</span> <span class='ocrx_word' id='word_1_144' title='bbox 801 1300 918 1363; x_wconf 70' lang='lat' dir='ltr'>apostolo</span> <span class='ocrx_word' id='word_1_145' title='bbox 929 1302 1052 1354; x_wconf 89' lang='lat' dir='ltr'>intentus.</span> 
     </span>
    </p>
   </div>
   <div class='ocr_carea' id='block_1_4' title="bbox 357 1426 842 1480">
    <p class='ocr_par' dir='ltr' id='par_1_6' title="bbox 357 1426 842 1480">
     <span class='ocr_line' id='line_1_15' title="bbox 357 1426 842 1480; baseline 0.012 -7"><span class='ocrx_word' id='word_1_146' title='bbox 357 1435 413 1480; x_wconf 79' lang='lat' dir='ltr'>ona</span> <span class='ocrx_word' id='word_1_147' title='bbox 424 1435 491 1474; x_wconf 81' lang='lat' dir='ltr'>unus</span> <span class='ocrx_word' id='word_1_148' title='bbox 500 1437 620 1476; x_wconf 80' lang='lat' dir='ltr'>nrosrour</span> <span class='ocrx_word' id='word_1_149' title='bbox 629 1427 658 1476; x_wconf 79' lang='lat' dir='ltr'>ic</span> <span class='ocrx_word' id='word_1_150' title='bbox 671 1426 842 1479; x_wconf 73' lang='lat' dir='ltr'>circensibus.</span> 
     </span>
    </p>
   </div>
   <div class='ocr_carea' id='block_1_5' title="bbox 53 1548 1181 4138">
    <p class='ocr_par' dir='ltr' id='par_1_7' title="bbox 54 1548 1130 1686">
     <span class='ocr_line' id='line_1_16' title="bbox 85 1548 1130 1623; baseline 0.006 -21"><span class='ocrx_word' id='word_1_151' title='bbox 85 1551 181 1604; x_wconf 87' lang='lat' dir='ltr'>bielids</span> <span class='ocrx_word' id='word_1_152' title='bbox 196 1554 299 1614; x_wconf 77' lang='lat' dir='ltr'>agnosci</span> <span class='ocrx_word' id='word_1_153' title='bbox 309 1566 362 1604; x_wconf 93' lang='lat' dir='ltr'>non</span> <span class='ocrx_word' id='word_1_154' title='bbox 374 1557 472 1617; x_wconf 87' lang='lat' dir='ltr'>potest¹</span> <span class='ocrx_word' id='word_1_155' title='bbox 485 1553 562 1617; x_wconf 83' lang='lat' dir='ltr'>quim</span> <span class='ocrx_word' id='word_1_156' title='bbox 582 1567 613 1605; x_wconf 84' lang='lat' dir='ltr'>ex</span> <span class='ocrx_word' id='word_1_157' title='bbox 623 1557 678 1620; x_wconf 90' lang='lat' dir='ltr'>ipso</span> <span class='ocrx_word' id='word_1_158' title='bbox 693 1559 748 1618; x_wconf 86' lang='lat' dir='ltr'>ejus</span> <span class='ocrx_word' id='word_1_159' title='bbox 759 1559 894 1621; x_wconf 78' lang='lat' dir='ltr'>contextu,</span> <span class='ocrx_word' id='word_1_160' title='bbox 911 1559 936 1609; x_wconf 92' lang='lat' dir='ltr'>et</span> <span class='ocrx_word' id='word_1_161' title='bbox 952 1570 982 1608; x_wconf 84' lang='lat' dir='ltr'>ex</span> <span class='ocrx_word' id='word_1_162' title='bbox 996 1570 1072 1623; x_wconf 88' lang='lat' dir='ltr'>scopo</span> <span class='ocrx_word' id='word_1_163' title='bbox 1082 1548 1130 1609; x_wconf 87' lang='lat' dir='ltr'>sib¹</span> 
     </span>
     <span class='ocr_line' id='line_1_17' title="bbox 54 1621 426 1686; baseline 0.005 -14"><span class='ocrx_word' id='word_1_164' title='bbox 54 1625 84 1672; x_wconf 91' lang='lat' dir='ltr'>ln</span> <span class='ocrx_word' id='word_1_165' title='bbox 99 1624 152 1673; x_wconf 90' lang='lat' dir='ltr'>hac</span> <span class='ocrx_word' id='word_1_166' title='bbox 171 1621 277 1685; x_wconf 90' lang='lat' dir='ltr'>epistola</span> <span class='ocrx_word' id='word_1_167' title='bbox 288 1626 426 1686; x_wconf 87' lang='lat' dir='ltr'>proposito.</span> 
     </span>
    </p>

    <p class='ocr_par' dir='ltr' id='par_1_8' title="bbox 54 1694 1129 1968">
     <span class='ocr_line' id='line_1_18' title="bbox 86 1694 1129 1762; baseline 0.005 -19"><span class='ocrx_word' id='word_1_168' title='bbox 86 1695 126 1743; x_wconf 82' lang='lat' dir='ltr'>Ex</span> <span class='ocrx_word' id='word_1_169' title='bbox 136 1697 272 1753; x_wconf 84' lang='lat' dir='ltr'>contextu,</span> <span class='ocrx_word' id='word_1_170' title='bbox 287 1698 316 1743; x_wconf 91' lang='lat' dir='ltr'>ut</span> <span class='ocrx_word' id='word_1_171' title='bbox 325 1695 378 1754; x_wconf 82' lang='lat' dir='ltr'>jam</span> <span class='ocrx_word' id='word_1_172' title='bbox 392 1694 503 1745; x_wconf 88' lang='lat' dir='ltr'>indicavi</span> <span class='ocrx_word' id='word_1_173' title='bbox 514 1734 520 1758; x_wconf 88' lang='lat'>‚</span> <span class='ocrx_word' id='word_1_174' title='bbox 535 1699 561 1745; x_wconf 90' lang='lat' dir='ltr'>et</span> <span class='ocrx_word' id='word_1_175' title='bbox 574 1700 602 1746; x_wconf 91' lang='lat' dir='ltr'>ui</span> <span class='ocrx_word' id='word_1_176' title='bbox 613 1695 707 1760; x_wconf 88' lang='lat' dir='ltr'>legonti</span> <span class='ocrx_word' id='word_1_177' title='bbox 720 1701 789 1760; x_wconf 89' lang='lat' dir='ltr'>patet</span> <span class='ocrx_word' id='word_1_178' title='bbox 799 1736 806 1759; x_wconf 90' lang='lat'>‚</span> <span class='ocrx_word' id='word_1_179' title='bbox 816 1699 906 1761; x_wconf 89' lang='lat' dir='ltr'>probat</span> <span class='ocrx_word' id='word_1_180' title='bbox 918 1697 1031 1762; x_wconf 86' lang='lat' dir='ltr'>exemplo</span> <span class='ocrx_word' id='word_1_181' title='bbox 1042 1699 1108 1748; x_wconf 86' lang='lat' dir='ltr'>Esau</span> <span class='ocrx_word' id='word_1_182' title='bbox 1121 1735 1129 1760; x_wconf 91' lang='lat'>,</span> 
     </span>
     <span class='ocr_line' id='line_1_19' title="bbox 55 1764 1129 1828; baseline 0.006 -16"><span class='ocrx_word' id='word_1_183' title='bbox 55 1778 109 1814; x_wconf 93' lang='lat' dir='ltr'>non</span> <span class='ocrx_word' id='word_1_184' title='bbox 123 1765 268 1824; x_wconf 85' lang='lat' dir='ltr'>omnesqui</span> <span class='ocrx_word' id='word_1_185' title='bbox 279 1774 310 1812; x_wconf 84' lang='lat' dir='ltr'>ex</span> <span class='ocrx_word' id='word_1_186' title='bbox 321 1764 405 1827; x_wconf 90' lang='lat' dir='ltr'>lsaac,</span> <span class='ocrx_word' id='word_1_187' title='bbox 419 1777 472 1814; x_wconf 87' lang='lat' dir='ltr'>esse</span> <span class='ocrx_word' id='word_1_188' title='bbox 483 1768 657 1828; x_wconf 88' lang='lat' dir='ltr'>promissionis</span> <span class='ocrx_word' id='word_1_189' title='bbox 671 1765 751 1828; x_wconf 83' lang='lat' dir='ltr'>illios;</span> <span class='ocrx_word' id='word_1_190' title='bbox 768 1769 811 1817; x_wconf 89' lang='lat' dir='ltr'>sed</span> <span class='ocrx_word' id='word_1_191' title='bbox 823 1769 936 1825; x_wconf 77' lang='lat' dir='ltr'>iudaeos,</span> <span class='ocrx_word' id='word_1_192' title='bbox 949 1771 1016 1818; x_wconf 90' lang='lat' dir='ltr'>sicut</span> <span class='ocrx_word' id='word_1_193' title='bbox 1026 1773 1051 1817; x_wconf 88' lang='lat' dir='ltr'>et</span> <span class='ocrx_word' id='word_1_194' title='bbox 1063 1770 1129 1818; x_wconf 83' lang='lat' dir='ltr'>Esau</span> 
     </span>
     <span class='ocr_line' id='line_1_20' title="bbox 54 1833 1129 1901; baseline 0.006 -19"><span class='ocrx_word' id='word_1_195' title='bbox 54 1847 130 1896; x_wconf 83' lang='lat' dir='ltr'>posse</span> <span class='ocrx_word' id='word_1_196' title='bbox 148 1833 226 1882; x_wconf 80' lang='lat' dir='ltr'>ilico</span> <span class='ocrx_word' id='word_1_197' title='bbox 238 1834 329 1893; x_wconf 77' lang='lat' dir='ltr'>reiici:</span> <span class='ocrx_word' id='word_1_198' title='bbox 347 1833 457 1901; x_wconf 84' lang='lat' dir='ltr'>Gentiles</span> <span class='ocrx_word' id='word_1_199' title='bbox 470 1833 530 1884; x_wconf 80' lang='lat' dir='ltr'>vero</span> <span class='ocrx_word' id='word_1_200' title='bbox 543 1848 614 1897; x_wconf 86' lang='lat' dir='ltr'>posse</span> <span class='ocrx_word' id='word_1_201' title='bbox 629 1837 643 1885; x_wconf 85' lang='grc'>1</span> <span class='ocrx_word' id='word_1_202' title='bbox 660 1837 710 1886; x_wconf 84' lang='lat' dir='ltr'>lieo</span> <span class='ocrx_word' id='word_1_203' title='bbox 728 1837 785 1898; x_wconf 80' lang='lat' dir='ltr'>eligi</span> <span class='ocrx_word' id='word_1_204' title='bbox 803 1842 828 1887; x_wconf 88' lang='lat' dir='ltr'>et</span> <span class='ocrx_word' id='word_1_205' title='bbox 842 1839 953 1901; x_wconf 79' lang='lat' dir='ltr'>praeferri</span> <span class='ocrx_word' id='word_1_206' title='bbox 970 1837 1080 1898; x_wconf 76' lang='lat' dir='ltr'>iudeis,</span> <span class='ocrx_word' id='word_1_207' title='bbox 1093 1840 1129 1888; x_wconf 92' lang='lat' dir='ltr'>si·</span> 
     </span>
     <span class='ocr_line' id='line_1_21' title="bbox 55 1899 1122 1968; baseline 0.008 -17"><span class='ocrx_word' id='word_1_208' title='bbox 55 1909 101 1951; x_wconf 87' lang='lat' dir='ltr'>cut</span> <span class='ocrx_word' id='word_1_209' title='bbox 117 1902 197 1951; x_wconf 85' lang='lat' dir='ltr'>Jacob</span> <span class='ocrx_word' id='word_1_210' title='bbox 208 1899 326 1964; x_wconf 77' lang='lat' dir='ltr'>prelatus</span> <span class='ocrx_word' id='word_1_211' title='bbox 338 1907 377 1951; x_wconf 87' lang='lat' dir='ltr'>est</span> <span class='ocrx_word' id='word_1_212' title='bbox 397 1903 480 1964; x_wconf 80' lang='lat' dir='ltr'>Esau,</span> <span class='ocrx_word' id='word_1_213' title='bbox 491 1907 577 1966; x_wconf 87' lang='lat' dir='ltr'>sicque</span> <span class='ocrx_word' id='word_1_214' title='bbox 591 1906 645 1955; x_wconf 86' lang='lat' dir='ltr'>deri</span> <span class='ocrx_word' id='word_1_215' title='bbox 655 1907 799 1968; x_wconf 86' lang='lat' dir='ltr'>spirituales</span> <span class='ocrx_word' id='word_1_216' title='bbox 809 1907 915 1956; x_wconf 79' lang='lat' dir='ltr'>Abrahae</span> <span class='ocrx_word' id='word_1_217' title='bbox 926 1907 981 1956; x_wconf 87' lang='lat' dir='ltr'>tilii.</span> <span class='ocrx_word' id='word_1_218' title='bbox 1118 1953 1122 1960; x_wconf 91' lang='lat'><em>.</em></span> 
     </span>
    </p>

    <p class='ocr_par' dir='ltr' id='par_1_9' title="bbox 54 1970 1129 2175">
     <span class='ocr_line' id='line_1_22' title="bbox 87 1970 1129 2038; baseline 0.003 -15"><span class='ocrx_word' id='word_1_219' title='bbox 87 1976 119 2023; x_wconf 89' lang='lat' dir='ltr'>Ut</span> <span class='ocrx_word' id='word_1_220' title='bbox 134 1973 205 2022; x_wconf 87' lang='lat' dir='ltr'>banc</span> <span class='ocrx_word' id='word_1_221' title='bbox 216 1970 246 2021; x_wconf 86' lang='lat' dir='ltr'>o.</span> <span class='ocrx_word' id='word_1_222' title='bbox 257 1971 329 2022; x_wconf 89' lang='lat' dir='ltr'>Pauli</span> <span class='ocrx_word' id='word_1_223' title='bbox 341 1976 467 2033; x_wconf 89' lang='lat' dir='ltr'>mentem,</span> <span class='ocrx_word' id='word_1_224' title='bbox 478 1975 505 2023; x_wconf 92' lang='lat' dir='ltr'>in</span> <span class='ocrx_word' id='word_1_225' title='bbox 521 1978 575 2036; x_wconf 92' lang='lat' dir='ltr'>ipso</span> <span class='ocrx_word' id='word_1_226' title='bbox 596 1980 666 2025; x_wconf 80' lang='lat' dir='ltr'>textu</span> <span class='ocrx_word' id='word_1_227' title='bbox 687 1981 816 2038; x_wconf 91' lang='lat' dir='ltr'>patentem</span> <span class='ocrx_word' id='word_1_228' title='bbox 830 1977 930 2038; x_wconf 78' lang='lat' dir='ltr'>plenius</span> <span class='ocrx_word' id='word_1_229' title='bbox 947 1977 1070 2038; x_wconf 85' lang='lat' dir='ltr'>percipias</span> <span class='ocrx_word' id='word_1_230' title='bbox 1082 1995 1089 2036; x_wconf 88' lang='lat'>;</span> <span class='ocrx_word' id='word_1_231' title='bbox 1104 1981 1129 2026; x_wconf 89' lang='lat' dir='ltr'>et</span> 
     </span>
     <span class='ocr_line' id='line_1_23' title="bbox 55 2041 1128 2108; baseline 0.004 -16"><span class='ocrx_word' id='word_1_232' title='bbox 55 2043 153 2093; x_wconf 80' lang='lat' dir='ltr'>clarius</span> <span class='ocrx_word' id='word_1_233' title='bbox 165 2041 291 2104; x_wconf 87' lang='lat' dir='ltr'>intelligas</span> <span class='ocrx_word' id='word_1_234' title='bbox 301 2042 332 2091; x_wconf 89' lang='lat' dir='ltr'>dc</span> <span class='ocrx_word' id='word_1_235' title='bbox 343 2055 393 2104; x_wconf 86' lang='lat' dir='ltr'>qua</span> <span class='ocrx_word' id='word_1_236' title='bbox 406 2045 551 2105; x_wconf 70' lang='lat' dir='ltr'>praelatione</span> <span class='ocrx_word' id='word_1_237' title='bbox 564 2051 609 2095; x_wconf 88' lang='lat' dir='ltr'>aut</span> <span class='ocrx_word' id='word_1_238' title='bbox 624 2049 804 2108; x_wconf 87' lang='lat' dir='ltr'>postpositione</span> <span class='ocrx_word' id='word_1_239' title='bbox 818 2047 933 2096; x_wconf 90' lang='lat' dir='ltr'>intendat</span> <span class='ocrx_word' id='word_1_240' title='bbox 946 2046 1014 2107; x_wconf 84' lang='lat' dir='ltr'>ioqui</span> <span class='ocrx_word' id='word_1_241' title='bbox 1021 2065 1028 2106; x_wconf 85' lang='lat'>;</span> <span class='ocrx_word' id='word_1_242' title='bbox 1043 2058 1088 2094; x_wconf 90' lang='lat' dir='ltr'>seu</span> <span class='ocrx_word' id='word_1_243' title='bbox 1100 2048 1128 2096; x_wconf 90' lang='lat' dir='ltr'>ln</span> 
     </span>
     <span class='ocr_line' id='line_1_24' title="bbox 54 2110 904 2175; baseline 0.005 -16"><span class='ocrx_word' id='word_1_244' title='bbox 54 2125 108 2172; x_wconf 85' lang='lat' dir='ltr'>quo</span> <span class='ocrx_word' id='word_1_245' title='bbox 122 2111 235 2160; x_wconf 88' lang='lat' dir='ltr'>Gentiles</span> <span class='ocrx_word' id='word_1_246' title='bbox 250 2110 344 2161; x_wconf 80' lang='lat' dir='ltr'>iudeis</span> <span class='ocrx_word' id='word_1_247' title='bbox 353 2110 448 2173; x_wconf 80' lang='lat' dir='ltr'>praelati</span> <span class='ocrx_word' id='word_1_248' title='bbox 460 2117 520 2161; x_wconf 89' lang='lat' dir='ltr'>sunt</span> <span class='ocrx_word' id='word_1_249' title='bbox 534 2127 566 2162; x_wconf 83' lang='lat' dir='ltr'>ex</span> <span class='ocrx_word' id='word_1_250' title='bbox 577 2128 647 2163; x_wconf 90' lang='lat' dir='ltr'>mera</span> <span class='ocrx_word' id='word_1_251' title='bbox 657 2115 701 2163; x_wconf 87' lang='lat' dir='ltr'>Dei</span> <span class='ocrx_word' id='word_1_252' title='bbox 714 2115 904 2175; x_wconf 86' lang='lat' dir='ltr'>misericordia;</span> 
     </span>
    </p>

    <p class='ocr_par' dir='ltr' id='par_1_10' title="bbox 54 2179 1143 2593">
     <span class='ocr_line' id='line_1_25' title="bbox 86 2179 1128 2247; baseline 0.003 -15"><span class='ocrx_word' id='word_1_253' title='bbox 86 2181 231 2232; x_wconf 82' lang='lat' dir='ltr'>Recordare</span> <span class='ocrx_word' id='word_1_254' title='bbox 242 2179 303 2231; x_wconf 85' lang='lat' dir='ltr'>tinia</span> <span class='ocrx_word' id='word_1_255' title='bbox 319 2181 352 2230; x_wconf 87' lang='lat' dir='ltr'>ab</span> <span class='ocrx_word' id='word_1_256' title='bbox 364 2181 481 2244; x_wconf 71' lang='lat' dir='ltr'>apostolo</span> <span class='ocrx_word' id='word_1_257' title='bbox 496 2184 523 2231; x_wconf 92' lang='lat' dir='ltr'>ln</span> <span class='ocrx_word' id='word_1_258' title='bbox 538 2182 587 2233; x_wconf 87' lang='lat' dir='ltr'>hac</span> <span class='ocrx_word' id='word_1_259' title='bbox 609 2183 713 2245; x_wconf 89' lang='lat' dir='ltr'>epistola</span> <span class='ocrx_word' id='word_1_260' title='bbox 732 2186 845 2245; x_wconf 86' lang='lat' dir='ltr'>intenti;</span> <span class='ocrx_word' id='word_1_261' title='bbox 862 2183 893 2233; x_wconf 89' lang='lat' dir='ltr'>de</span> <span class='ocrx_word' id='word_1_262' title='bbox 911 2182 1128 2247; x_wconf 71' lang='lat' dir='ltr'>predestinatione</span> 
     </span>
     <span class='ocr_line' id='line_1_26' title="bbox 54 2253 1126 2317; baseline 0.003 -14"><span class='ocrx_word' id='word_1_263' title='bbox 54 2259 102 2303; x_wconf 91' lang='lat' dir='ltr'>ant</span> <span class='ocrx_word' id='word_1_264' title='bbox 117 2254 296 2317; x_wconf 84' lang='lat' dir='ltr'>reprobatione</span> <span class='ocrx_word' id='word_1_265' title='bbox 306 2265 360 2302; x_wconf 91' lang='lat' dir='ltr'>non</span> <span class='ocrx_word' id='word_1_266' title='bbox 371 2253 548 2316; x_wconf 88' lang='lat' dir='ltr'>disputabatur</span> <span class='ocrx_word' id='word_1_267' title='bbox 562 2256 577 2303; x_wconf 87' lang='grc'>1</span> <span class='ocrx_word' id='word_1_268' title='bbox 592 2255 727 2315; x_wconf 84' lang='lat' dir='ltr'>Romanis,</span> <span class='ocrx_word' id='word_1_269' title='bbox 739 2268 784 2305; x_wconf 89' lang='lat' dir='ltr'>seu</span> <span class='ocrx_word' id='word_1_270' title='bbox 798 2255 890 2307; x_wconf 80' lang='lat' dir='ltr'>iudeis</span> <span class='ocrx_word' id='word_1_271' title='bbox 901 2292 907 2316; x_wconf 95' lang='lat'>,</span> <span class='ocrx_word' id='word_1_272' title='bbox 919 2267 963 2303; x_wconf 89' lang='lat' dir='ltr'>seu</span> <span class='ocrx_word' id='word_1_273' title='bbox 977 2254 1126 2316; x_wconf 67' lang='lat' dir='ltr'>Gentilibusg</span> 
     </span>
     <span class='ocr_line' id='line_1_27' title="bbox 54 2322 1127 2388; baseline 0.003 -15"><span class='ocrx_word' id='word_1_274' title='bbox 54 2326 100 2373; x_wconf 87' lang='lat' dir='ltr'>sed</span> <span class='ocrx_word' id='word_1_275' title='bbox 111 2324 145 2373; x_wconf 88' lang='lat' dir='ltr'>de</span> <span class='ocrx_word' id='word_1_276' title='bbox 161 2324 273 2386; x_wconf 79' lang='lat' dir='ltr'>quddam</span> <span class='ocrx_word' id='word_1_277' title='bbox 287 2326 316 2373; x_wconf 91' lang='lat' dir='ltr'>in</span> <span class='ocrx_word' id='word_1_278' title='bbox 329 2322 523 2373; x_wconf 82' lang='lat' dir='ltr'>Christianismo</span> <span class='ocrx_word' id='word_1_279' title='bbox 542 2324 688 2386; x_wconf 78' lang='lat' dir='ltr'>praelatione</span> <span class='ocrx_word' id='word_1_280' title='bbox 700 2330 754 2373; x_wconf 89' lang='lat' dir='ltr'>arat</span> <span class='ocrx_word' id='word_1_281' title='bbox 772 2326 841 2387; x_wconf 89' lang='lat' dir='ltr'>apud</span> <span class='ocrx_word' id='word_1_282' title='bbox 858 2339 900 2376; x_wconf 87' lang='lat' dir='ltr'>eos</span> <span class='ocrx_word' id='word_1_283' title='bbox 919 2325 1048 2375; x_wconf 89' lang='lat' dir='ltr'>altercatio</span> <span class='ocrx_word' id='word_1_284' title='bbox 1061 2345 1068 2375; x_wconf 78' lang='lat' dir='ltr'>z</span> <span class='ocrx_word' id='word_1_285' title='bbox 1083 2329 1127 2388; x_wconf 88' lang='lat' dir='ltr'>qui</span> 
     </span>
     <span class='ocr_line' id='line_1_28' title="bbox 55 2391 1143 2457; baseline 0.005 -16"><span class='ocrx_word' id='word_1_286' title='bbox 55 2393 208 2454; x_wconf 68' lang='lat' dir='ltr'>praeferendi</span> <span class='ocrx_word' id='word_1_287' title='bbox 218 2396 263 2442; x_wconf 87' lang='lat' dir='ltr'>aut</span> <span class='ocrx_word' id='word_1_288' title='bbox 271 2391 427 2455; x_wconf 71' lang='lat' dir='ltr'>prelatiian</span> <span class='ocrx_word' id='word_1_289' title='bbox 441 2393 521 2442; x_wconf 77' lang='lat' dir='ltr'>iudaei</span> <span class='ocrx_word' id='word_1_290' title='bbox 533 2397 546 2440; x_wconf 77' lang='lat' dir='ltr'>i</span> <span class='ocrx_word' id='word_1_291' title='bbox 558 2406 592 2441; x_wconf 89' lang='lat' dir='ltr'>an</span> <span class='ocrx_word' id='word_1_292' title='bbox 605 2392 734 2441; x_wconf 70' lang='lat' dir='ltr'>Gentiles?</span> <span class='ocrx_word' id='word_1_293' title='bbox 745 2394 776 2443; x_wconf 94' lang='lat' dir='ltr'>ob</span> <span class='ocrx_word' id='word_1_294' title='bbox 787 2395 848 2455; x_wconf 80' lang='lat' dir='ltr'>quid</span> <span class='ocrx_word' id='word_1_295' title='bbox 861 2395 976 2457; x_wconf 74' lang='lat' dir='ltr'>praelati?</span> <span class='ocrx_word' id='word_1_296' title='bbox 986 2406 1019 2443; x_wconf 88' lang='lat' dir='ltr'>an</span> <span class='ocrx_word' id='word_1_297' title='bbox 1031 2395 1062 2445; x_wconf 91' lang='lat' dir='ltr'>ob</span> <span class='ocrx_word' id='word_1_298' title='bbox 1075 2408 1125 2445; x_wconf 85' lang='lat' dir='ltr'>rne-</span> <span class='ocrx_word' id='word_1_299' title='bbox 1140 2417 1143 2422; x_wconf 95' lang='lat'>·</span> 
     </span>
     <span class='ocr_line' id='line_1_29' title="bbox 56 2460 1126 2522; baseline 0.004 -11"><span class='ocrx_word' id='word_1_300' title='bbox 56 2467 105 2511; x_wconf 88' lang='lat' dir='ltr'>rita</span> <span class='ocrx_word' id='word_1_301' title='bbox 124 2462 273 2511; x_wconf 77' lang='lat' dir='ltr'>ludaeorum</span> <span class='ocrx_word' id='word_1_302' title='bbox 290 2460 371 2522; x_wconf 89' lang='lat' dir='ltr'>legem</span> <span class='ocrx_word' id='word_1_303' title='bbox 386 2460 523 2510; x_wconf 81' lang='lat' dir='ltr'>iiosaicam</span> <span class='ocrx_word' id='word_1_304' title='bbox 547 2461 756 2511; x_wconf 78' lang='lat' dir='ltr'>observantium?</span> <span class='ocrx_word' id='word_1_305' title='bbox 775 2476 809 2511; x_wconf 90' lang='lat' dir='ltr'>an</span> <span class='ocrx_word' id='word_1_306' title='bbox 830 2462 968 2513; x_wconf 76' lang='lat' dir='ltr'>obmolita</span> <span class='ocrx_word' id='word_1_307' title='bbox 988 2462 1126 2515; x_wconf 85' lang='lat' dir='ltr'>Gentilium</span> 
     </span>
     <span class='ocr_line' id='line_1_30' title="bbox 54 2528 1021 2593; baseline -0.005 -12"><span class='ocrx_word' id='word_1_308' title='bbox 54 2532 139 2593; x_wconf 82' lang='lat' dir='ltr'>legem</span> <span class='ocrx_word' id='word_1_309' title='bbox 154 2528 299 2581; x_wconf 87' lang='lat' dir='ltr'>naturalem</span> <span class='ocrx_word' id='word_1_310' title='bbox 309 2529 527 2579; x_wconf 76' lang='lat' dir='ltr'>custodientium?</span> <span class='ocrx_word' id='word_1_311' title='bbox 1015 2553 1021 2564; x_wconf 67' lang='grc' dir='ltr'><em>ι</em></span> 
     </span>
    </p>

    <p class='ocr_par' dir='ltr' id='par_1_11' title="bbox 53 2599 1126 2864">
     <span class='ocr_line' id='line_1_31' title="bbox 85 2599 1126 2663; baseline -0.002 -12"><span class='ocrx_word' id='word_1_312' title='bbox 85 2604 115 2651; x_wconf 87' lang='lat' dir='ltr'>b.</span> <span class='ocrx_word' id='word_1_313' title='bbox 128 2599 224 2651; x_wconf 80' lang='lat' dir='ltr'>Paulm</span> <span class='ocrx_word' id='word_1_314' title='bbox 241 2603 361 2661; x_wconf 88' lang='lat' dir='ltr'>utrosque</span> <span class='ocrx_word' id='word_1_315' title='bbox 372 2602 401 2650; x_wconf 91' lang='lat' dir='ltr'>in</span> <span class='ocrx_word' id='word_1_316' title='bbox 419 2604 471 2649; x_wconf 91' lang='lat' dir='ltr'>tota</span> <span class='ocrx_word' id='word_1_317' title='bbox 487 2600 535 2649; x_wconf 90' lang='lat' dir='ltr'>bac</span> <span class='ocrx_word' id='word_1_318' title='bbox 549 2599 654 2661; x_wconf 88' lang='lat' dir='ltr'>epistola</span> <span class='ocrx_word' id='word_1_319' title='bbox 673 2599 807 2651; x_wconf 78' lang='lat' dir='ltr'>contundit</span> <span class='ocrx_word' id='word_1_320' title='bbox 824 2602 849 2651; x_wconf 91' lang='lat' dir='ltr'>et</span> <span class='ocrx_word' id='word_1_321' title='bbox 868 2599 1004 2661; x_wconf 88' lang='lat' dir='ltr'>humiliat;</span> <span class='ocrx_word' id='word_1_322' title='bbox 1021 2600 1126 2663; x_wconf 87' lang='lat' dir='ltr'>quodsi</span> 
     </span>
     <span class='ocr_line' id='line_1_32' title="bbox 54 2668 1126 2735; baseline -0.002 -14"><span class='ocrx_word' id='word_1_323' title='bbox 54 2673 100 2721; x_wconf 86' lang='lat' dir='ltr'>lrlc</span> <span class='ocrx_word' id='word_1_324' title='bbox 113 2675 234 2735; x_wconf 79' lang='lat' dir='ltr'>praestare</span> <span class='ocrx_word' id='word_1_325' title='bbox 245 2672 374 2730; x_wconf 78' lang='lat' dir='ltr'>satagens,</span> <span class='ocrx_word' id='word_1_326' title='bbox 386 2670 496 2718; x_wconf 87' lang='lat' dir='ltr'>ostendit</span> <span class='ocrx_word' id='word_1_327' title='bbox 502 2668 613 2719; x_wconf 88' lang='lat' dir='ltr'>Gentiles</span> <span class='ocrx_word' id='word_1_328' title='bbox 623 2669 740 2731; x_wconf 71' lang='lat' dir='ltr'>amdam,</span> <span class='ocrx_word' id='word_1_329' title='bbox 754 2669 985 2733; x_wconf 62' lang='lat' dir='ltr'>daemonorium,</span> <span class='ocrx_word' id='word_1_330' title='bbox 997 2683 1050 2721; x_wconf 87' lang='lat' dir='ltr'>csse</span> <span class='ocrx_word' id='word_1_331' title='bbox 1062 2682 1126 2733; x_wconf 76' lang='lat' dir='ltr'>prae</span> 
     </span>
     <span class='ocr_line' id='line_1_33' title="bbox 53 2740 1125 2804; baseline 0 -13"><span class='ocrx_word' id='word_1_332' title='bbox 53 2744 121 2792; x_wconf 73' lang='lat' dir='ltr'>iarios</span> <span class='ocrx_word' id='word_1_333' title='bbox 133 2742 243 2803; x_wconf 80' lang='lat' dir='ltr'>iadau,</span> <span class='ocrx_word' id='word_1_334' title='bbox 254 2752 307 2793; x_wconf 90' lang='lat' dir='ltr'>non</span> <span class='ocrx_word' id='word_1_335' title='bbox 327 2740 359 2791; x_wconf 92' lang='lat' dir='ltr'>ob</span> <span class='ocrx_word' id='word_1_336' title='bbox 371 2742 463 2790; x_wconf 88' lang='lat' dir='ltr'>merita</span> <span class='ocrx_word' id='word_1_337' title='bbox 480 2752 543 2801; x_wconf 87' lang='lat' dir='ltr'>sua,</span> <span class='ocrx_word' id='word_1_338' title='bbox 560 2740 604 2790; x_wconf 92' lang='lat' dir='ltr'>sed</span> <span class='ocrx_word' id='word_1_339' title='bbox 614 2740 647 2790; x_wconf 92' lang='lat' dir='ltr'>ob</span> <span class='ocrx_word' id='word_1_340' title='bbox 659 2754 751 2804; x_wconf 84' lang='lat' dir='ltr'>puram</span> <span class='ocrx_word' id='word_1_341' title='bbox 770 2741 814 2793; x_wconf 85' lang='lat' dir='ltr'>bei</span> <span class='ocrx_word' id='word_1_342' title='bbox 830 2742 970 2791; x_wconf 84' lang='lat' dir='ltr'>bonitatem</span> <span class='ocrx_word' id='word_1_343' title='bbox 985 2744 1010 2791; x_wconf 92' lang='lat' dir='ltr'>et</span> <span class='ocrx_word' id='word_1_344' title='bbox 1025 2743 1125 2792; x_wconf 89' lang='lat' dir='ltr'>miseri·</span> 
     </span>
     <span class='ocr_line' id='line_1_34' title="bbox 54 2815 182 2864; baseline 0.008 -2"><span class='ocrx_word' id='word_1_345' title='bbox 54 2815 182 2864; x_wconf 89' lang='lat' dir='ltr'>cordiam.</span> 
     </span>
    </p>

    <p class='ocr_par' dir='ltr' id='par_1_12' title="bbox 55 2880 1125 3014">
     <span class='ocr_line' id='line_1_35' title="bbox 86 2880 1125 2948; baseline 0.001 -14"><span class='ocrx_word' id='word_1_346' title='bbox 86 2885 228 2934; x_wconf 85' lang='lat' dir='ltr'>Gentilium</span> <span class='ocrx_word' id='word_1_347' title='bbox 240 2882 353 2946; x_wconf 77' lang='lat' dir='ltr'>prelatio</span> <span class='ocrx_word' id='word_1_348' title='bbox 364 2885 402 2933; x_wconf 90' lang='lat' dir='ltr'>est</span> <span class='ocrx_word' id='word_1_349' title='bbox 414 2881 560 2932; x_wconf 80' lang='lat' dir='ltr'>iudeorum</span> <span class='ocrx_word' id='word_1_350' title='bbox 570 2880 695 2945; x_wconf 76' lang='lat' dir='ltr'>confusio,</span> <span class='ocrx_word' id='word_1_351' title='bbox 705 2887 731 2932; x_wconf 89' lang='lat' dir='ltr'>at</span> <span class='ocrx_word' id='word_1_352' title='bbox 739 2882 877 2935; x_wconf 89' lang='lat' dir='ltr'>Gentilium</span> <span class='ocrx_word' id='word_1_353' title='bbox 886 2885 941 2935; x_wconf 90' lang='lat' dir='ltr'>sine</span> <span class='ocrx_word' id='word_1_354' title='bbox 951 2884 1049 2935; x_wconf 90' lang='lat' dir='ltr'>meritis</span> <span class='ocrx_word' id='word_1_355' title='bbox 1059 2896 1125 2948; x_wconf 73' lang='lat' dir='ltr'>praa-</span> 
     </span>
     <span class='ocr_line' id='line_1_36' title="bbox 55 2946 504 3014; baseline -0.004 -13"><span class='ocrx_word' id='word_1_356' title='bbox 55 2954 135 3014; x_wconf 70' lang='grc'>111110,</span> <span class='ocrx_word' id='word_1_357' title='bbox 147 2957 186 3002; x_wconf 89' lang='lat' dir='ltr'>est</span> <span class='ocrx_word' id='word_1_358' title='bbox 199 2946 340 3001; x_wconf 80' lang='lat' dir='ltr'>Gentilium</span> <span class='ocrx_word' id='word_1_359' title='bbox 350 2950 504 3001; x_wconf 84' lang='lat' dir='ltr'>humiliatio.</span> 
     </span>
    </p>

    <p class='ocr_par' dir='ltr' id='par_1_13' title="bbox 54 3020 1125 3634">
     <span class='ocr_line' id='line_1_37' title="bbox 86 3020 1125 3085; baseline 0 -12"><span class='ocrx_word' id='word_1_360' title='bbox 86 3026 241 3073; x_wconf 52' lang='lat' dir='ltr'>lioc’autem</span> <span class='ocrx_word' id='word_1_361' title='bbox 261 3025 399 3083; x_wconf 86' lang='lat' dir='ltr'>utrumque</span> <span class='ocrx_word' id='word_1_362' title='bbox 415 3024 440 3070; x_wconf 92' lang='lat' dir='ltr'>ct</span> <span class='ocrx_word' id='word_1_363' title='bbox 455 3020 595 3071; x_wconf 88' lang='lat' dir='ltr'>Gentilium</span> <span class='ocrx_word' id='word_1_364' title='bbox 612 3022 786 3085; x_wconf 83' lang='lat' dir='ltr'>praelationem</span> <span class='ocrx_word' id='word_1_365' title='bbox 807 3024 833 3072; x_wconf 91' lang='lat' dir='ltr'>et</span> <span class='ocrx_word' id='word_1_366' title='bbox 847 3021 991 3071; x_wconf 80' lang='lat' dir='ltr'>iudaeorum</span> <span class='ocrx_word' id='word_1_367' title='bbox 1007 3024 1125 3084; x_wconf 81' lang='lat' dir='ltr'>rejectio-</span> 
     </span>
     <span class='ocr_line' id='line_1_38' title="bbox 55 3091 1125 3156; baseline -0.003 -12"><span class='ocrx_word' id='word_1_368' title='bbox 55 3109 116 3145; x_wconf 91' lang='lat' dir='ltr'>nem</span> <span class='ocrx_word' id='word_1_369' title='bbox 128 3092 219 3156; x_wconf 88' lang='lat' dir='ltr'>probut</span> <span class='ocrx_word' id='word_1_370' title='bbox 234 3092 348 3155; x_wconf 83' lang='lat' dir='ltr'>exemplo</span> <span class='ocrx_word' id='word_1_371' title='bbox 357 3091 435 3141; x_wconf 85' lang='lat' dir='ltr'>Jacob</span> <span class='ocrx_word' id='word_1_372' title='bbox 445 3094 471 3140; x_wconf 92' lang='lat' dir='ltr'>et</span> <span class='ocrx_word' id='word_1_373' title='bbox 481 3091 558 3141; x_wconf 84' lang='lat' dir='ltr'>Esau.</span> <span class='ocrx_word' id='word_1_374' title='bbox 571 3091 642 3141; x_wconf 90' lang='lat' dir='ltr'>Sicut</span> <span class='ocrx_word' id='word_1_375' title='bbox 653 3093 736 3152; x_wconf 87' lang='lat' dir='ltr'>Esau,</span> <span class='ocrx_word' id='word_1_376' title='bbox 753 3092 813 3141; x_wconf 80' lang='lat' dir='ltr'>licet</span> <span class='ocrx_word' id='word_1_377' title='bbox 823 3094 901 3153; x_wconf 87' lang='lat' dir='ltr'>patris</span> <span class='ocrx_word' id='word_1_378' title='bbox 915 3094 955 3140; x_wconf 89' lang='lat' dir='ltr'>sui</span> <span class='ocrx_word' id='word_1_379' title='bbox 970 3095 1125 3155; x_wconf 76' lang='lat' dir='ltr'>praeceptum</span> 
     </span>
     <span class='ocr_line' id='line_1_39' title="bbox 55 3161 1125 3223; baseline -0.003 -9"><span class='ocrx_word' id='word_1_380' title='bbox 55 3165 210 3223; x_wconf 79' lang='lat' dir='ltr'>servaverit,</span> <span class='ocrx_word' id='word_1_381' title='bbox 222 3176 278 3220; x_wconf 46' lang='lat' dir='ltr'>non,</span> <span class='ocrx_word' id='word_1_382' title='bbox 292 3168 380 3211; x_wconf 88' lang='lat' dir='ltr'>tamen</span> <span class='ocrx_word' id='word_1_383' title='bbox 401 3162 603 3211; x_wconf 90' lang='lat' dir='ltr'>benedictionem</span> <span class='ocrx_word' id='word_1_384' title='bbox 617 3161 705 3210; x_wconf 90' lang='lat' dir='ltr'>babuit</span> <span class='ocrx_word' id='word_1_385' title='bbox 713 3180 720 3220; x_wconf 83' lang='lat'>;</span> <span class='ocrx_word' id='word_1_386' title='bbox 736 3161 779 3209; x_wconf 91' lang='lat' dir='ltr'>scd</span> <span class='ocrx_word' id='word_1_387' title='bbox 790 3162 883 3221; x_wconf 86' lang='lat' dir='ltr'>iacob,</span> <span class='ocrx_word' id='word_1_388' title='bbox 896 3162 955 3210; x_wconf 79' lang='lat' dir='ltr'>licet</span> <span class='ocrx_word' id='word_1_389' title='bbox 969 3163 1073 3222; x_wconf 86' lang='lat' dir='ltr'>junior:</span> <span class='ocrx_word' id='word_1_390' title='bbox 1088 3165 1125 3212; x_wconf 89' lang='lat' dir='ltr'>sic</span> 
     </span>
     <span class='ocr_line' id='line_1_40' title="bbox 54 3228 1125 3293; baseline -0.003 -11"><span class='ocrx_word' id='word_1_391' title='bbox 54 3234 135 3283; x_wconf 75' lang='lat' dir='ltr'>ludaei</span> <span class='ocrx_word' id='word_1_392' title='bbox 148 3270 155 3293; x_wconf 91' lang='lat'>‚</span> <span class='ocrx_word' id='word_1_393' title='bbox 166 3231 227 3281; x_wconf 83' lang='lat' dir='ltr'>licet</span> <span class='ocrx_word' id='word_1_394' title='bbox 237 3233 406 3293; x_wconf 86' lang='lat' dir='ltr'>antiquiores,</span> <span class='ocrx_word' id='word_1_395' title='bbox 415 3233 442 3279; x_wconf 88' lang='lat' dir='ltr'>ct</span> <span class='ocrx_word' id='word_1_396' title='bbox 451 3230 531 3292; x_wconf 88' lang='lat' dir='ltr'>legem</span> <span class='ocrx_word' id='word_1_397' title='bbox 550 3231 754 3289; x_wconf 84' lang='lat' dir='ltr'>observaverint,</span> <span class='ocrx_word' id='word_1_398' title='bbox 768 3228 862 3278; x_wconf 80' lang='lat' dir='ltr'>exclusi</span> <span class='ocrx_word' id='word_1_399' title='bbox 873 3233 934 3278; x_wconf 86' lang='lat' dir='ltr'>sunt</span> <span class='ocrx_word' id='word_1_400' title='bbox 944 3230 958 3277; x_wconf 84' lang='grc'>1</span> <span class='ocrx_word' id='word_1_401' title='bbox 969 3230 1125 3280; x_wconf 88' lang='lat' dir='ltr'>benedictio-</span> 
     </span>
     <span class='ocr_line' id='line_1_41' title="bbox 56 3299 1124 3362; baseline -0.004 -9"><span class='ocrx_word' id='word_1_402' title='bbox 56 3307 132 3353; x_wconf 86' lang='lat' dir='ltr'>nibus</span> <span class='ocrx_word' id='word_1_403' title='bbox 149 3305 177 3352; x_wconf 89' lang='lat' dir='ltr'>in</span> <span class='ocrx_word' id='word_1_404' title='bbox 191 3302 291 3352; x_wconf 82' lang='lat' dir='ltr'>Christo</span> <span class='ocrx_word' id='word_1_405' title='bbox 306 3321 313 3350; x_wconf 91' lang='lat'><strong>:</strong></span> <span class='ocrx_word' id='word_1_406' title='bbox 326 3300 436 3351; x_wconf 88' lang='lat' dir='ltr'>Gentiles</span> <span class='ocrx_word' id='word_1_407' title='bbox 446 3300 516 3360; x_wconf 84' lang='lat' dir='ltr'>vero,</span> <span class='ocrx_word' id='word_1_408' title='bbox 528 3302 572 3362; x_wconf 89' lang='lat' dir='ltr'>qui</span> <span class='ocrx_word' id='word_1_409' title='bbox 584 3300 787 3349; x_wconf 90' lang='lat' dir='ltr'>benedictionem</span> <span class='ocrx_word' id='word_1_410' title='bbox 805 3311 856 3346; x_wconf 93' lang='lat' dir='ltr'>non</span> <span class='ocrx_word' id='word_1_411' title='bbox 870 3299 1015 3359; x_wconf 82' lang='lat' dir='ltr'>quaerebant</span> <span class='ocrx_word' id='word_1_412' title='bbox 1026 3336 1033 3359; x_wconf 90' lang='lat'>,</span> <span class='ocrx_word' id='word_1_413' title='bbox 1045 3300 1124 3349; x_wconf 88' lang='lat' dir='ltr'>bene.-</span> 
     </span>
     <span class='ocr_line' id='line_1_42' title="bbox 55 3368 1125 3435; baseline -0.003 -13"><span class='ocrx_word' id='word_1_414' title='bbox 55 3377 196 3423; x_wconf 87' lang='lat' dir='ltr'>dietionem</span> <span class='ocrx_word' id='word_1_415' title='bbox 213 3376 364 3435; x_wconf 90' lang='lat' dir='ltr'>receperunt</span> <span class='ocrx_word' id='word_1_416' title='bbox 371 3390 379 3434; x_wconf 68' lang='grc' dir='ltr'><strong><em>ς</em></strong></span> <span class='ocrx_word' id='word_1_417' title='bbox 391 3375 416 3420; x_wconf 91' lang='lat' dir='ltr'>ct</span> <span class='ocrx_word' id='word_1_418' title='bbox 429 3372 495 3421; x_wconf 80' lang='lat' dir='ltr'>elcut</span> <span class='ocrx_word' id='word_1_419' title='bbox 512 3370 588 3420; x_wconf 84' lang='lat' dir='ltr'>iacob</span> <span class='ocrx_word' id='word_1_420' title='bbox 605 3370 709 3420; x_wconf 83' lang='lat' dir='ltr'>tratrem</span> <span class='ocrx_word' id='word_1_421' title='bbox 720 3384 795 3419; x_wconf 87' lang='lat' dir='ltr'>suum</span> <span class='ocrx_word' id='word_1_422' title='bbox 809 3368 996 3431; x_wconf 86' lang='lat' dir='ltr'>supplantavit;</span> <span class='ocrx_word' id='word_1_423' title='bbox 1008 3370 1043 3419; x_wconf 85' lang='lat' dir='ltr'>ita</span> <span class='ocrx_word' id='word_1_424' title='bbox 1055 3370 1125 3421; x_wconf 91' lang='lat' dir='ltr'>Gen-</span> 
     </span>
     <span class='ocr_line' id='line_1_43' title="bbox 56 3439 1124 3505; baseline -0.001 -13"><span class='ocrx_word' id='word_1_425' title='bbox 56 3447 111 3493; x_wconf 84' lang='lat' dir='ltr'>tiles</span> <span class='ocrx_word' id='word_1_426' title='bbox 123 3443 224 3493; x_wconf 84' lang='lat' dir='ltr'>iuiaeos</span> <span class='ocrx_word' id='word_1_427' title='bbox 239 3441 466 3505; x_wconf 88' lang='lat' dir='ltr'>supplantaverunt</span> <span class='ocrx_word' id='word_1_428' title='bbox 476 3452 482 3482; x_wconf 72' lang='grc' dir='ltr'><strong>ε</strong></span> <span class='ocrx_word' id='word_1_429' title='bbox 491 3445 516 3489; x_wconf 93' lang='lat' dir='ltr'>et</span> <span class='ocrx_word' id='word_1_430' title='bbox 526 3440 678 3491; x_wconf 86' lang='lat' dir='ltr'>sicutJacob</span> <span class='ocrx_word' id='word_1_431' title='bbox 690 3439 763 3501; x_wconf 89' lang='lat' dir='ltr'>elegit</span> <span class='ocrx_word' id='word_1_432' title='bbox 773 3440 851 3499; x_wconf 86' lang='lat' dir='ltr'>bens,</span> <span class='ocrx_word' id='word_1_433' title='bbox 863 3452 915 3488; x_wconf 92' lang='lat' dir='ltr'>non</span> <span class='ocrx_word' id='word_1_434' title='bbox 927 3440 1068 3501; x_wconf 76' lang='lat' dir='ltr'>obmolita,</span> <span class='ocrx_word' id='word_1_435' title='bbox 1081 3441 1124 3491; x_wconf 86' lang='lat' dir='ltr'>sed</span> 
     </span>
     <span class='ocr_line' id='line_1_44' title="bbox 57 3507 1124 3575; baseline -0.001 -13"><span class='ocrx_word' id='word_1_436' title='bbox 57 3524 83 3562; x_wconf 83' lang='lat' dir='ltr'>ut</span> <span class='ocrx_word' id='word_1_437' title='bbox 95 3514 144 3562; x_wconf 82' lang='lat' dir='ltr'>Dei</span> <span class='ocrx_word' id='word_1_438' title='bbox 154 3512 315 3575; x_wconf 78' lang='lat' dir='ltr'>propositum</span> <span class='ocrx_word' id='word_1_439' title='bbox 332 3514 458 3571; x_wconf 74' lang='grc' dir='ltr'>11111111,Ι</span> <span class='ocrx_word' id='word_1_440' title='bbox 469 3512 506 3559; x_wconf 90' lang='lat' dir='ltr'>sie</span> <span class='ocrx_word' id='word_1_441' title='bbox 520 3513 546 3559; x_wconf 90' lang='lat' dir='ltr'>et</span> <span class='ocrx_word' id='word_1_442' title='bbox 563 3509 675 3560; x_wconf 85' lang='lat' dir='ltr'>Gentiles</span> <span class='ocrx_word' id='word_1_443' title='bbox 691 3509 779 3571; x_wconf 87' lang='lat' dir='ltr'>elegit,</span> <span class='ocrx_word' id='word_1_444' title='bbox 792 3520 845 3559; x_wconf 89' lang='lat' dir='ltr'>non</span> <span class='ocrx_word' id='word_1_445' title='bbox 858 3507 889 3558; x_wconf 92' lang='lat' dir='ltr'>ob</span> <span class='ocrx_word' id='word_1_446' title='bbox 911 3510 1020 3571; x_wconf 88' lang='lat' dir='ltr'>merita,</span> <span class='ocrx_word' id='word_1_447' title='bbox 1032 3510 1076 3560; x_wconf 90' lang='lat' dir='ltr'>sed</span> <span class='ocrx_word' id='word_1_448' title='bbox 1093 3523 1124 3561; x_wconf 83' lang='lat' dir='ltr'>cx</span> 
     </span>
     <span class='ocr_line' id='line_1_45' title="bbox 57 3581 330 3634; baseline -0.011 -1"><span class='ocrx_word' id='word_1_449' title='bbox 57 3599 127 3634; x_wconf 86' lang='lat' dir='ltr'>mera</span> <span class='ocrx_word' id='word_1_450' title='bbox 144 3581 330 3633; x_wconf 89' lang='lat' dir='ltr'>misericordia.</span> 
     </span>
    </p>

    <p class='ocr_par' dir='ltr' id='par_1_14' title="bbox 55 3648 1181 4138">
     <span class='ocr_line' id='line_1_46' title="bbox 85 3648 1123 3715; baseline -0.001 -10"><span class='ocrx_word' id='word_1_451' title='bbox 85 3656 156 3705; x_wconf 87' lang='lat' dir='ltr'>biens</span> <span class='ocrx_word' id='word_1_452' title='bbox 171 3655 249 3715; x_wconf 86' lang='lat' dir='ltr'>igitur</span> <span class='ocrx_word' id='word_1_453' title='bbox 267 3651 378 3715; x_wconf 81' lang='lat' dir='ltr'>Apostoll</span> <span class='ocrx_word' id='word_1_454' title='bbox 396 3650 446 3702; x_wconf 87' lang='lat' dir='ltr'>iuit</span> <span class='ocrx_word' id='word_1_455' title='bbox 466 3652 526 3702; x_wconf 88' lang='lat' dir='ltr'>dara</span> <span class='ocrx_word' id='word_1_456' title='bbox 539 3651 611 3702; x_wconf 90' lang='lat' dir='ltr'>nobis</span> <span class='ocrx_word' id='word_1_457' title='bbox 624 3650 733 3713; x_wconf 82' lang='lat' dir='ltr'>figuram</span> <span class='ocrx_word' id='word_1_458' title='bbox 752 3648 845 3714; x_wconf 82' lang='lat' dir='ltr'>nujus,</span> <span class='ocrx_word' id='word_1_459' title='bbox 857 3651 926 3713; x_wconf 86' lang='lat' dir='ltr'>quod</span> <span class='ocrx_word' id='word_1_460' title='bbox 942 3650 1058 3702; x_wconf 84' lang='lat' dir='ltr'>futurum</span> <span class='ocrx_word' id='word_1_461' title='bbox 1069 3658 1123 3704; x_wconf 90' lang='lat' dir='ltr'>erat</span> 
     </span>
     <span class='ocr_line' id='line_1_47' title="bbox 57 3720 1122 3782; baseline -0.001 -8"><span class='ocrx_word' id='word_1_462' title='bbox 57 3730 121 3775; x_wconf 90' lang='lat' dir='ltr'>inter</span> <span class='ocrx_word' id='word_1_463' title='bbox 135 3723 235 3774; x_wconf 80' lang='lat' dir='ltr'>iudaeos</span> <span class='ocrx_word' id='word_1_464' title='bbox 246 3726 272 3772; x_wconf 89' lang='lat' dir='ltr'>et</span> <span class='ocrx_word' id='word_1_465' title='bbox 287 3721 399 3772; x_wconf 85' lang='lat' dir='ltr'>Gentiles</span> <span class='ocrx_word' id='word_1_466' title='bbox 409 3723 436 3771; x_wconf 89' lang='lat' dir='ltr'>in</span> <span class='ocrx_word' id='word_1_467' title='bbox 456 3720 666 3782; x_wconf 85' lang='lat' dir='ltr'>Christianismo;</span> <span class='ocrx_word' id='word_1_468' title='bbox 688 3726 729 3781; x_wconf 93' lang='lat' dir='ltr'>et,</span> <span class='ocrx_word' id='word_1_469' title='bbox 743 3722 916 3782; x_wconf 79' lang='lat' dir='ltr'>argumentati</span> <span class='ocrx_word' id='word_1_470' title='bbox 932 3720 1011 3782; x_wconf 86' lang='lat' dir='ltr'>dgura</span> <span class='ocrx_word' id='word_1_471' title='bbox 1022 3721 1055 3771; x_wconf 88' lang='grc'>11</span> <span class='ocrx_word' id='word_1_472' title='bbox 1067 3733 1122 3773; x_wconf 78' lang='lat' dir='ltr'>rem</span> 
     </span>
     <span class='ocr_line' id='line_1_48' title="bbox 55 3789 1181 3856; baseline 0 -13"><span class='ocrx_word' id='word_1_473' title='bbox 55 3793 240 3856; x_wconf 81' lang='lat' dir='ltr'>significatam,</span> <span class='ocrx_word' id='word_1_474' title='bbox 250 3791 325 3841; x_wconf 86' lang='lat' dir='ltr'>nobis</span> <span class='ocrx_word' id='word_1_475' title='bbox 341 3790 509 3852; x_wconf 83' lang='lat' dir='ltr'>colligendum</span> <span class='ocrx_word' id='word_1_476' title='bbox 523 3789 758 3852; x_wconf 85' lang='lat' dir='ltr'>relinquerc‚qudd</span> <span class='ocrx_word' id='word_1_477' title='bbox 769 3792 836 3840; x_wconf 89' lang='lat' dir='ltr'>sicut</span> <span class='ocrx_word' id='word_1_478' title='bbox 846 3790 1123 3855; x_wconf 82' lang='lat' dir='ltr'>lieuslacobum,paa-</span> <span class='ocrx_word' id='word_1_479' title='bbox 1177 3808 1181 3815; x_wconf 90' lang='lat'><strong>·</strong></span> 
     </span>
     <span class='ocr_line' id='line_1_49' title="bbox 55 3859 1122 3926; baseline -0.002 -11"><span class='ocrx_word' id='word_1_480' title='bbox 55 3865 136 3915; x_wconf 81' lang='lat' dir='ltr'>teritis</span> <span class='ocrx_word' id='word_1_481' title='bbox 150 3866 257 3924; x_wconf 90' lang='lat' dir='ltr'>natum,</span> <span class='ocrx_word' id='word_1_482' title='bbox 268 3859 380 3926; x_wconf 82' lang='lat' dir='ltr'>pretulit</span> <span class='ocrx_word' id='word_1_483' title='bbox 393 3861 459 3911; x_wconf 84' lang='lat' dir='ltr'>Esau</span> <span class='ocrx_word' id='word_1_484' title='bbox 472 3860 543 3923; x_wconf 84' lang='lat' dir='ltr'>prius</span> <span class='ocrx_word' id='word_1_485' title='bbox 558 3866 635 3920; x_wconf 89' lang='lat' dir='ltr'>nato,</span> <span class='ocrx_word' id='word_1_486' title='bbox 650 3872 702 3909; x_wconf 94' lang='lat' dir='ltr'>non</span> <span class='ocrx_word' id='word_1_487' title='bbox 719 3860 804 3909; x_wconf 84' lang='lat' dir='ltr'>habiti</span> <span class='ocrx_word' id='word_1_488' title='bbox 816 3863 913 3910; x_wconf 86' lang='lat' dir='ltr'>ratione</span> <span class='ocrx_word' id='word_1_489' title='bbox 924 3860 956 3909; x_wconf 89' lang='lat' dir='ltr'>ud</span> <span class='ocrx_word' id='word_1_490' title='bbox 967 3873 1055 3911; x_wconf 90' lang='lat' dir='ltr'>eorum</span> <span class='ocrx_word' id='word_1_491' title='bbox 1066 3875 1122 3913; x_wconf 88' lang='lat' dir='ltr'>me-</span> 
     </span>
     <span class='ocr_line' id='line_1_50' title="bbox 57 3929 1122 3994; baseline -0.001 -12"><span class='ocrx_word' id='word_1_492' title='bbox 57 3937 121 3994; x_wconf 85' lang='lat' dir='ltr'>rita,</span> <span class='ocrx_word' id='word_1_493' title='bbox 134 3945 194 3994; x_wconf 75' lang='lat' dir='ltr'>qua</span> <span class='ocrx_word' id='word_1_494' title='bbox 213 3930 284 3981; x_wconf 88' lang='lat' dir='ltr'>nulla</span> <span class='ocrx_word' id='word_1_495' title='bbox 302 3931 387 3980; x_wconf 90' lang='lat' dir='ltr'>adbuc</span> <span class='ocrx_word' id='word_1_496' title='bbox 407 3935 495 3990; x_wconf 86' lang='lat' dir='ltr'>erant;</span> <span class='ocrx_word' id='word_1_497' title='bbox 510 3932 545 3978; x_wconf 90' lang='lat' dir='ltr'>ita</span> <span class='ocrx_word' id='word_1_498' title='bbox 565 3929 677 3991; x_wconf 78' lang='lat' dir='ltr'>praetulit</span> <span class='ocrx_word' id='word_1_499' title='bbox 694 3930 824 3979; x_wconf 86' lang='lat' dir='ltr'>credentes</span> <span class='ocrx_word' id='word_1_500' title='bbox 837 3943 889 3978; x_wconf 93' lang='lat' dir='ltr'>non</span> <span class='ocrx_word' id='word_1_501' title='bbox 907 3930 1080 3992; x_wconf 88' lang='lat' dir='ltr'>credentibus,</span> <span class='ocrx_word' id='word_1_502' title='bbox 1093 3935 1122 3980; x_wconf 86' lang='lat' dir='ltr'>ut</span> 
     </span>
     <span class='ocr_line' id='line_1_51' title="bbox 58 3998 1122 4064; baseline -0.003 -11"><span class='ocrx_word' id='word_1_503' title='bbox 58 4005 188 4053; x_wconf 87' lang='lat' dir='ltr'>credentes</span> <span class='ocrx_word' id='word_1_504' title='bbox 206 4005 335 4064; x_wconf 78' lang='lat' dir='ltr'>regeneret</span> <span class='ocrx_word' id='word_1_505' title='bbox 353 4004 380 4051; x_wconf 93' lang='lat' dir='ltr'>in</span> <span class='ocrx_word' id='word_1_506' title='bbox 395 4000 540 4063; x_wconf 82' lang='lat' dir='ltr'>Bapusmo,</span> <span class='ocrx_word' id='word_1_507' title='bbox 552 4011 604 4047; x_wconf 92' lang='lat' dir='ltr'>nou</span> <span class='ocrx_word' id='word_1_508' title='bbox 618 3998 705 4048; x_wconf 81' lang='lat' dir='ltr'>babiti</span> <span class='ocrx_word' id='word_1_509' title='bbox 719 4000 817 4049; x_wconf 90' lang='lat' dir='ltr'>ratione</span> <span class='ocrx_word' id='word_1_510' title='bbox 835 3998 868 4047; x_wconf 88' lang='lat' dir='ltr'>sd</span> <span class='ocrx_word' id='word_1_511' title='bbox 889 4011 963 4062; x_wconf 89' lang='lat' dir='ltr'>opera</span> <span class='ocrx_word' id='word_1_512' title='bbox 975 4000 1064 4063; x_wconf 87' lang='lat' dir='ltr'>legalla</span> <span class='ocrx_word' id='word_1_513' title='bbox 1078 4001 1122 4049; x_wconf 84' lang='lat' dir='ltr'>iu-</span> 
     </span>
     <span class='ocr_line' id='line_1_52' title="bbox 58 4067 906 4138; baseline -0.009 -10"><span class='ocrx_word' id='word_1_514' title='bbox 58 4076 188 4138; x_wconf 70' lang='lat' dir='ltr'>deorum,</span> <span class='ocrx_word' id='word_1_515' title='bbox 202 4085 251 4126; x_wconf 86' lang='lat' dir='ltr'>nee</span> <span class='ocrx_word' id='word_1_516' title='bbox 263 4072 297 4125; x_wconf 86' lang='lat' dir='ltr'>ad</span> <span class='ocrx_word' id='word_1_517' title='bbox 309 4070 492 4134; x_wconf 81' lang='lat' dir='ltr'>idololatriam,</span> <span class='ocrx_word' id='word_1_518' title='bbox 506 4072 551 4121; x_wconf 83' lang='lat' dir='ltr'>aut</span> <span class='ocrx_word' id='word_1_519' title='bbox 561 4068 612 4122; x_wconf 84' lang='lat' dir='ltr'>alle</span> <span class='ocrx_word' id='word_1_520' title='bbox 622 4070 732 4123; x_wconf 83' lang='lat' dir='ltr'>crimine</span> <span class='ocrx_word' id='word_1_521' title='bbox 742 4067 890 4122; x_wconf 73' lang='grc'>1111111111.</span> <span class='ocrx_word' id='word_1_522' title='bbox 902 4120 906 4127; x_wconf 80' lang='grc'>,</span> 
     </span>
    </p>
   </div>
   <div class='ocr_carea' id='block_1_6' title="bbox 0 0 1284 4450">
    <p class='ocr_par' dir='ltr' id='par_1_15' title="bbox 0 0 1284 4450">
     <span class='ocr_line' id='line_1_53' title="bbox 0 0 1284 4450; baseline 0 0"><span class='ocrx_word' id='word_1_523' title='bbox 0 0 1284 4450; x_wconf 95' lang='lat' dir='ltr'> </span> 
     </span>
    </p>
   </div>
  </div>
 </body>
</html>
