2559 4450
266 235 440 303 ratim
451 241 687 304 axiosrr'ro:
704 243 785 306 dir.
797 245 882 304 xlv:
978 295 980 301 ,
1049 241 1110 302 Μ

33 369 1102 406 Q

265 483 406 560 ciret
426 485 631 566 uitiauit
653 487 875 574 obturati.

205 647 317 688 mm.
711 649 899 692 rimraatsrs.

38 758 57 812 l.
105 769 231 808 arram
254 759 349 809 eutem
376 755 405 809 in
427 756 483 811 tide
506 755 754 871 Irrrraiiaautem
764 757 1104 820 mutuaecharitatisottirta,
1172 815 1177 822 ,

106 835 324 900 mmmm
336 831 484 905 qn'djsoep.
534 826 583 876 hoc
599 829 731 888 speciatim
745 827 817 878 vobis
833 827 982 877 commendo
993 846 1001 889 ;
1012 829 1033 877 ai
1047 829 1105 889 quis

39 913 413 982 iiiiiifflfflssiiifflffl’
505 894 1106 1014 irretierit:iiiiriiriii‘

505 979 633 1082 {sstliltliniiltg
647 1045 707 1082 cum
729 978 851 1082 ohari’raffc
869 1031 1061 1091 instruendum,
1077 999 1105 1080 οἷ

506 1114 565 1150 cum
580 1113 610 1150 eo
623 1114 656 1151 ne
671 1101 884 1165 disputationibus
898 1099 1066 1150 contendatis.

69 1178 99 1231 2,
127 1176 206 1230 Alius
243 1175 318 1228 enim
341 1174 431 1229 credit
453 1188 483 1227 se
536 1167 610 1219 Verbi
627 1171 722 1232 gratie,
737 1172 759 1220 is
776 1172 820 1232 qui
838 1170 868 1219 tle
883 1168 1019 1231 Evangelio
1039 1168 1105 1218 hene

38 1251 210 1307 manducare
233 1251 327 1304 omnia
340 1268 347 1303 :
363 1252 412 1318 qui
431 1265 483 1305 au.
505 1240 645 1290 instructus
654 1243 705 1301 est,
718 1239 798 1289 credit
810 1239 856 1290 sibi
868 1239 943 1289 licere
952 1237 1105 1301 quibuslibet

37 1336 93 1382 'em
110 1331 241 1385 infimus
255 1335 297 1386 esp
334 1331 395 1383 olus
407 1344 485 1384 man,
505 1309 569 1358 cibis
583 1312 673 1378 vesci:
687 1310 753 1360 alius
764 1312 850 1359 autem
861 1309 892 1359 de
904 1309 953 1358 lida
965 1307 1052 1358 miraris
1064 1309 1105 1356 ia-

36 1410 55 1463 d
111 1416 124 1463 t
185 1428 187 1432 ,
230 1426 234 1439 „
302 1369 310 1397 '
505 1382 714 1442 struottrs,putat
723 1378 750 1428 id
761 1390 813 1428 non
824 1391 877 1428 esse
886 1374 1107 1437 licitum,etided

57 1424 110 1466 ⁰⁰⁰
125 1449 134 1466 '
505 1449 616 1498 vescitur
633 1447 759 1510 oleribus,
777 1459 810 1497 ne
825 1446 887 1510 quid
898 1447 913 1496 a
924 1445 978 1507 iege
996 1445 1104 1494 llosaica

506 1515 662 1578 prohibitum
678 1515 802 1566 comedat.

72 1590 101 1640 5.
120 1589 151 1640 is
170 1585 221 1654 qui
239 1586 404 1651 manducat,
424 1599 482 1640 non
535 1585 594 1635 ileo
613 1587 742 1636 mutinen
756 1588 817 1636 snut
829 1587 971 1646 momenti,
984 1585 1014 1634 ut
1027 1583 1059 1634 ob
1074 1594 1105 1632 ca

36 1665 256 1720 manducantem
275 1679 333 1719 „011
348 1671 483 1733 sperum
506 1653 713 1704 imminutionem
732 1655 785 1718 pati
805 1653 894 1704 debeat
912 1652 1023 1704 fraterna
1041 1653 1110 1724 cba-¹

68 1814 131 1864 Gar.
141 1813 202 1864 xiv.
213 1818 236 1865 t.
247 1814 381 1878 ibiscum
394 1819 479 1865 omen
487 1815 516 1864 irs
526 1814 576 1878 fide
590 1815 718 1866 meumite.
730 1814 786 1878 Syr.
799 1817 822 1866 st
837 1813 911 1876 vero,
923 1816 968 1878 qui
981 1819 1019 1865 est
1030 1813 1103 1864 indr-

38 1895 97 1932 urus
106 1885 135 1932 in
146 1882 212 1944 lide,
223 1883 280 1933 date
292 1895 408 1933 manum.

69 1952 196 2014 Gentiles,
207 1963 252 2002 seu
268 1964 296 2000 er
311 1951 432 2002 Gentibus
449 1964 582 2004 conuersos
594 1952 731 2016 alloquitur
746 1953 892 2016 Apostolus,
909 1956 934 2003 et
946 1951 1061 2002 hortatur
1074 1956 1105 2002 ut

42 2022 194 2072 intirmiores
204 2023 232 2072 in
241 2021 290 2071 tide
302 2035 363 2073 cnm
373 2021 497 2072 charitate
508 2026 648 2086 suscipiant
656 2061 663 2086 ,
672 2037 720 2073 nec
728 2024 881 2086 importunis
891 2022 1104 2086 disputationibus

41 2089 173 2142 lacessant.

68 2168 207 2231 rotimum
220 2168 297 2230 igitur
309 2167 337 2216 in
349 2167 414 2232 tide,
426 2173 452 2218 et
464 2168 578 2218 nondum
591 2167 652 2218 satis
666 2169 836 2231 instructum,
847 2180 907 2231 vos,
920 2169 964 2231 qui
980 2167 1105 2219 doctiores

40 2243 64 2287 et
76 2237 192 2287 tortiores
201 2239 276 2297 estis,
286 2238 405 2287 assumite
420 2250 481 2287 cum
494 2238 617 2288 charltate
630 2239 823 2299 instruendum,
834 2250 943 2299 eumque
959 2242 987 2289 ut
999 2237 1103 2287 fratrem

41 2307 135 2366 fovete,
148 2309 246 2365 jurate.
262 2306 330 2367 Seu,
345 2309 375 2355 ut
389 2308 425 2355 sit
435 2306 493 2369 Syr.
508 2309 532 2356 ei
549 2305 607 2356 duta
626 2319 734 2358 umnam
742 2343 751 2369 ,
767 2309 834 2359 dont
848 2306 950 2358 infirmo
970 2308 999 2357 in
1012 2308 1104 2358 itinera

41 2375 113 2425 datur
121 2387 225 2426 manas.

69 2452 126 2499 Non
138 2450 167 2498 ic
177 2450 401 2512 disceptationibus
413 2450 602 2513 copitoiionum.
615 2450 659 2501 Gr.
673 2464 724 2501 non
741 2452 768 2501 ia
781 2450 974 2514 disceptationes
988 2451 1103 2515 disputa—

41 2523 151 2569 tionum.
164 2520 221 2581 Syr.
235 2532 283 2569 nec
301 2521 356 2569 sitis
367 2521 523 2584 ambigentes
536 2522 564 2571 lu
576 2520 769 2583 cogitationibus
779 2524 885 2583 vestris;
896 2521 922 2571 id
935 2524 989 2582 est,
999 2534 1059 2571 curn
1072 2534 1102 2571 eo

41 2604 72 2643 rie
89 2588 263 2650 contendatis,
279 2602 313 2638 an
330 2589 411 2649 bene,
427 2604 461 2639 an
479 2590 545 2641 male
564 2593 673 2653 sentiat,
691 2594 751 2654 quia
772 2592 856 2641 adbuc
874 2592 1022 2642 charitative
1038 2592 1103 2643 tole-

41 2659 136 2710 randus
147 2661 202 2719 cst,
213 2670 261 2707 ueo
278 2659 432 2722 importunis
449 2659 662 2722 disputationbus
677 2660 851 2723 iacemendus,
864 2672 896 2711 na
910 2661 973 2712 torte
990 2660 1102 2711 offensus

41 2731 72 2779 ab
81 2731 182 2790 incepto
193 2727 297 2777 resiliat.

70 2815 96 2859 2.
106 2810 181 2859 Alius
191 2810 258 2859 eam
268 2811 345 2861 cedd
352 2825 378 2861 re
388 2812 542 2863 nondecim
550 2814 647 2865 omnic.
657 2814 763 2865 Fadum
771 2849 779 2877 ,
788 2827 833 2867 sau
846 2815 1016 2867 altercationis
1025 2828 1102 2879 maa·

42 2884 156 2932 mentum
166 2879 275 2930 breviter
286 2884 396 2943 exponit.

69 2956 156 3013 lber,
168 2954 197 3005 id
208 2959 258 3016 est,
268 2958 311 3017 qui
324 2958 352 3005 in
366 2956 415 3005 tide
428 2956 536 3018 firmus,
548 2962 574 3007 et
584 2958 616 3009 de
629 2960 765 3023 Evangelio
780 2961 844 3013 bena
855 2964 1008 3019 instructas,
1022 2964 1102 3013 credit

41 3027 89 3074 aibi
104 3024 180 3075 licere
197 3024 350 3086 quibuslibet
363 3026 426 3075 cibis
439 3029 521 3088 resci;
530 3030 591 3089 quia
604 3029 705 3081 nullum
722 3034 749 3080 tn
761 3032 814 3094 iege
825 3032 975 3095 Euangeliou
986 3032 1102 3083 ciborum

45 3108 119 3159 penus
131 3094 294 3144 immundum
307 3099 434 3145 censetur.

73 3170 124 3229 Qui
135 3176 220 3219 ceum
229 3170 405 3233 infirmasset,
413 3170 470 3220 obre
477 3173 670 3226 munusculis.
680 3173 747 3223 olera
759 3174 876 3224 eomedit.
886 3175 941 3237 Syr.
952 3174 1098 3226 manducat.

44 3240 118 3294 liirua
140 3238 347 3301 enumeremus,
364 3239 546 3304 ibmmrotus,
565 3243 783 3305 Theopbylactus,
799 3256 887 3293 omncs
902 3247 930 3294 in
945 3244 1099 3305 indicativo,

45 3311 162 3368 rescitur,
178 3310 329 3369 manducan
349 3309 384 3358 iit
399 3313 429 3358 ut
450 3313 483 3360 sit
503 3315 655 3375 propositio,
674 3312 770 3361 iactum
790 3312 937 3374 simpliciter
957 3324 1097 3399 exponens!

44 3382 155 3433 sciliceta
168 3378 286 3429 indamus
298 3383 399 3441 autem,
410 3393 456 3430 seu
472 3381 573 3432 indatus
586 3386 700 3432 recenter
711 3394 860 3443 conversus,
874 3386 900 3433 et
910 3382 941 3433 de
951 3382 1093 3445 evangetio

44 3449 153 3502 libertate
168 3460 221 3497 uon
236 3449 297 3498 satis
310 3450 464 3511 instructus,
476 3450 586 3502 oleribus
598 3454 718 3502 rescitur.

70 3520 144 3568 iuxta
156 3520 268 3567 nostram
278 3517 410 3579 triguum
419 3519 462 3569 hic
472 3533 561 3571 sensus
571 3526 610 3572 est
620 3542 627 3570 ι
639 3523 758 3587 infirmus
769 3526 868 3581 autem,
878 3525 903 3573 et
914 3523 940 3572 in
951 3521 999 3573 ilde
1009 3529 1096 3585 purum
1110 3561 1113 3569 .

44 3590 146 3648 ductus,
158 3590 231 3649 putat
245 3586 272 3636 ld
285 3599 336 3636 noa
349 3586 449 3637 licitum
467 3600 537 3651 csse,
549 3590 572 3638 is
582 3592 684 3651 itaque,
696 3604 740 3641 seu
754 3589 884 3653 infirmus,
897 3592 952 3642 olus
964 3595 990 3642 et
1002 3591 1096 3643 oibosa

44 3658 94 3719 loge
106 3656 213 3705 ilosaica
224 3657 360 3718 permissos
372 3658 521 3716 manducet,
534 3669 567 3705 ne
582 3662 671 3708 contra
687 3660 868 3711 conscientiam
881 3664 976 3723 peccet.

71 3728 117 3776 Per
125 3726 429 3789 olor,intaiitgequaeiibet
437 3726 695 3789 legumina,qnorum
702 3729 802 3780 nullum
810 3735 864 3780 erat
875 3728 969 3781 iudeis
976 3732 1095 3783 vetitum:

44 3796 121 3847 muita
133 3800 219 3847 autern
228 3795 364 3857 animalis,
374 3800 431 3848 tum
444 3808 475 3847 ex
485 3796 678 3861 piscibus,taua
688 3810 720 3849 ex
729 3798 890 3863 volucribus,
903 3802 960 3850 tum
972 3813 1003 3853 ex
1013 3801 1096 3856 bestiis

44 3870 114 3918 erant
128 3865 261 3929 prohibita.

72 3948 132 4003 &b
144 3948 191 4076 ers
203 3949 357 4012 maret,
372 3964 425 4006 aas
439 3952 683 4009 meamne
695 3953 886 4010 dordracum
898 3956 944 4090 aio⁹
953 3955 1041 4010 deicit
1050 3993 1058 4020 ,
1068 3962 1099 4010 at
