2559 4450
174 319 231 377 aaa
474 317 677 404 terrascia
695 317 745 374 11
761 315 947 375 nauauas

542 586 683 664 clear
701 587 871 666 nauali
1039 523 1044 532 ¹

381 757 568 801 nominatam.
965 757 1074 796 anxius.

176 867 405 988 Ueientanae,
420 863 435 914 a
448 863 544 923 iudai,
554 861 645 912 tratres
659 863 726 922 mel,
739 861 774 910 ila
796 865 824 916 i.
887 875 1019 916 1111111111
1031 859 1096 914 dica
1110 859 1239 914 inchris-

223 937 274 986 lica
295 949 340 998 per
363 935 491 984 Christum
505 932 666 983 adhereatisi
682 930 775 981 Verita-
887 945 932 1005 10,
946 953 1004 993 nan
1017 937 1153 1004 mentior,
1167 939 1240 992 testi.

175 1007 229 1057 iem
240 1006 310 1054 enirn
320 1004 392 1053 rabis
402 1003 459 1052 dica
471 1021 478 1051 z
489 1005 567 1051 testor
575 1000 719 1061 Christum,
730 1001 775 1060 qul
797 1019 923 1074 monium
929 1016 1238 1083 mihiperhibemecon,

176 1077 283 1136 estlpsa
298 1067 775 1132 veritus3siucerelaquar,uonadu-
798 1097 913 1150 §mentia
948 1093 1010 1148 mea
1069 1094 1101 1148 in
1135 1097 1234 1148 Simu

175 1140 265 1192 latoria
281 1140 452 1203 autplaoendi
468 1138 645 1200 gratii;testis
659 1141 696 1185 est
711 1136 775 1186 mihi
867 1179 877 1230 t
909 1189 916 1204 ·
983 1151 985 1154 ¹
1020 1133 1028 1161 ’
1156 1110 1176 1162 p

177 1212 332 1261 conscientia
350 1223 426 1270 mea3
447 1209 499 1257 lma
519 1209 590 1256 testis
612 1209 650 1256 est
668 1207 777 1268 Spiritus
799 1188 865 1230 ⁵³⁰⁰
878 1187 917 1228 ⁰·

176 1279 298 1341 Sanctus,
318 1279 479 1330 canscientia
499 1286 563 1325 mea
582 1278 671 1325 auctor
689 1279 715 1324 ct
735 1277 777 1324 in-

112 1357 115 1362 ·
176 1354 284 1413 spector.

206 1416 269 1465 iura
290 1418 376 1479 ltaque
402 1419 427 1466 et
445 1417 532 1466 omnia
556 1426 629 1464 sacra
646 1412 777 1472 obtestor,
833 1419 861 1470 n,
884 1415 1019 1480 Quoniam
1035 1415 1147 1468 tristitia
1174 1415 1237 1468 milri

176 1486 244 1548 quoa
261 1480 377 1546 ammo,
391 1488 445 1546 iusi
464 1490 490 1535 a
510 1487 672 1535 excruciante
692 1481 778 1534 aaron
800 1493 1239 1562 magnaest,etcontmuusoalor

177 1556 297 1606 conficior
305 1557 318 1616 ,1
327 1557 360 1605 ab
375 1559 486 1604 uestram
505 1555 633 1606 iChristo
646 1554 779 1606 alienatio·
800 1573 880 1634 cordi
891 1586 965 1626 meo·
1019 1569 1022 1577 ¹

177 1638 252 1684 uera,
265 1629 291 1674 et
303 1625 360 1674 idea
371 1625 403 1674 ab
417 1626 556 1675 restruma
571 1627 669 1685 justitia
680 1638 776 1675 casum.

209 1693 277 1743 Adeo
287 1697 378 1759 quippe
389 1708 434 1743 vos
449 1694 541 1756 diligo,
556 1699 716 1756 vestramque
727 1693 778 1744 zelo
835 1699 861 1749 5.
878 1693 1010 1763 Optabam
1024 1689 1100 1748 enim
1113 1707 1166 1764 ego
1183 1696 1238 1760 ipsc

176 1763 295 1824 salutem,
307 1768 336 1813 ut
347 1775 392 1827 ega
407 1766 476 1830 lpse,
488 1778 564 1829 quem
578 1778 626 1816 nec
636 1777 705 1815 mors
715 1777 778 1826 ,nec
801 1773 947 1827 anathema
964 1785 1026 1826 esse
1038 1772 1054 1824 a
1067 1772 1176 1832 Christo
1190 1786 1237 1840 pra

207 1958 268 2010 Gar.
280 1959 318 2008 ill.
333 1963 355 2008 1.
373 1959 505 2009 Veritatem
516 1960 602 2010 dico...
610 1970 685 2021 grave
694 1963 719 2007 et
732 1957 826 2019 grande
838 1960 926 2020 eapitis
936 1957 1075 2008 exordium.
1088 1961 1118 2008 Ia
1132 1959 1235 2019 Cirrata,

176 2029 205 2080 iti
219 2034 271 2091 est,
290 2030 338 2080 sub
357 2029 473 2089 Christo,
489 2028 531 2078 rel
550 2031 613 2078 testo
628 2027 745 2088 Christa;
761 2029 833 2090 quasi
850 2027 944 2077 diceret
961 2046 968 2076 1
987 2027 1073 2076 Testor
1096 2027 1235 2088 Christum,

177 2102 309 2149 veritatem
333 2103 428 2163 ipsam,
450 2097 519 2160 quoa
541 2100 675 2149 venialem
698 2097 764 2148 11111.
791 2097 898 2147 Omnem
918 2095 974 2146 ialsi
994 2099 1167 2160 suspicionem
1183 2099 1199 2146 a
1215 2109 1238 2150 sa

175 2174 293 2233 amaret,
310 2172 552 2231 etiamtummento.
747 2181 749 2186 ¹
936 2191 944 2202 ⁴

198 2244 264 2294 iton
275 2244 395 2301 amatior,
407 2241 434 2294 ld
448 2246 500 2302 est,
512 2240 610 2291 sinceri
621 2240 727 2302 loquor,
740 2242 766 2290 et
781 2242 867 2290 aalma
878 2238 1005 2302 simplici,
1020 2252 1072 2289 nan
1083 2238 1240 2298 aduhtario,

177 2311 329 2362 urbanitatis
339 2310 433 2373 gratli,
444 2315 489 2360 aut
499 2312 571 2371 quasi
584 2309 734 2376 placiturus.
751 2308 927 2359 Testimonium
939 2306 1003 2357 mibi
1012 2304 1185 2369 perhibente...
1198 2307 1239 2357 Gr.

178 2383 335 2432 contestante
347 2382 431 2442 mihi,
445 2386 494 2432 ete.
509 2380 537 2430 ld
553 2384 605 2441 est,
618 2382 689 2429 testis
705 2381 742 2429 est
762 2378 826 2429 mihi
838 2379 992 2428 consolantia
1005 2388 1072 2426 mea.

209 2453 239 2500 ln
249 2451 349 2513 spirita
362 2453 469 2511 Samia,
482 2450 508 2501 id
518 2454 573 2513 est,
585 2451 638 2501 ima
650 2452 720 2501 testis
733 2450 771 2499 est
784 2448 892 2516 spiritus
903 2447 1010 2499 Sanctus
1019 2484 1026 2507 ,
1036 2456 1101 2497 maa
1110 2449 1241 2497 couscien-

115 2549 126 2566 ·
176 2522 220 2572 tin
232 2522 359 2583 inspector
372 2524 397 2571 et
410 2526 502 2571 rector.

209 2590 302 2648 Omnes
319 2590 364 2640 hlo
382 2592 557 2651 jurameutum
570 2590 711 2649 agnoscunt
722 2591 749 2639 in
762 2602 790 2639 re
799 2589 871 2651 ¹gravi
888 2590 913 2638 et
928 2586 1240 2650 meermannianam

178 2660 291 2709 tulerunt
305 2657 373 2719 quati
383 2660 420 2706 »in
437 2660 586 2709 necessitate
598 2658 699 2709 linitum
712 2660 745 2709 sit
757 2678 764 2709 1
778 2662 872 2711 nerins
886 2659 973 2709 autem
986 2660 1011 2707 11
1024 2656 1134 2707 charitas
1151 2656 1241 2707 debent

178 2728 249 2777 illius
265 2740 320 2777 esse
337 2726 438 2789 regulae.

210 2827 234 2873 2.
249 2824 374 2883 Quoniam
384 2823 488 2872 tristitia
500 2824 566 2873 mibi
575 2837 670 2888 maana
682 2830 746 2876 est...
760 2824 826 2875 Ecce
837 2824 868 2875 de
880 2836 930 2887 qua
942 2826 1024 2885 jurat,
1039 2824 1164 2873 nimirum
1174 2824 1239 2885 quod

179 2894 278 2946 summe
289 2897 315 2943 et
324 2893 445 2944 cantiani
455 2893 547 2944 doleat.
562 2893 660 2945 Italorls
673 2898 713 2945 sui
725 2908 828 2947 1111111
839 2895 883 2947 hic
894 2908 946 2945 non
958 2894 1093 2957 exprimit,
1106 2892 1150 2945 saal
1160 2897 1238 2945 verbis

178 2963 343 3025 sequentibus
354 2958 476 3026 impliciti
487 2964 629 3025 significat,
640 2964 738 3015 scilieet
750 2964 931 3015 alienationem
944 2976 996 3014 sua
1008 2966 1089 3025 gentis
1100 2962 1235 3015 ichrista:

179 3033 247 3102 quod
259 3035 285 3083 et
295 3046 326 3084 er
337 3033 444 3096 praeeo.
459 3038 551 3097 1118.
566 3034 720 3097 subintelligi
733 3038 823 3098 potest.
835 3033 897 3084 Vide
911 3032 1044 3095 aualyslm.

210 3102 343 3171 Apostolus
354 3115 411 3166 erga
420 3102 487 3152 dolel
497 3116 613 3165 summa,
630 3106 752 3154 continuo
764 3108 789 3153 et
800 3104 959 3165 excruciante
973 3100 1074 3161 dolore,
1087 3112 1117 3150 ex
1130 3114 1160 3152 co
1174 3103 1236 3164 quai

179 3168 292 3243 plerique
302 3174 391 3235 iudaei,
405 3173 534 3224 Christum
544 3176 699 3235 rejicientes,
712 3178 737 3223 et
747 3177 774 3224 in
786 3173 895 3237 lapidem
906 3172 1052 3233 angularem
1064 3174 1236 3235 impingentes,

179 3248 320 3299 eratserunt
333 3244 410 3293 tidem
423 3249 449 3293 et
461 3247 584 3307 gratiam,
603 3249 713 3307 suntque
724 3250 792 3295 extra
806 3247 900 3315 statam
913 3253 979 3292 1111
988 3244 1093 3303 insana
1103 3242 1135 3292 de
1147 3256 1195 3306 qua
1211 3248 1235 3293 lu

180 3328 237 3383 cap.
257 3319 281 3366 8.
300 3318 325 3364 11
339 3320 521 3377 consequenter
539 3320 608 3365 extra
624 3319 719 3365 statum
739 3314 827 3367 salutis
841 3317 949 3365 11111111.

211 3416 235 3462 3.
250 3411 376 3473 Optabam
387 3412 481 3461 enim...
492 3410 548 3473 Syr.
558 3413 675 3473 optarim.
686 3410 797 3473 AEthlop.
808 3412 898 3460 versio.
909 3422 1025 3473 precarer
1038 3410 1108 3461 enlm
1119 3422 1164 3471 ega
1174 3411 1237 3472 arrad

180 3482 304 3533 abdomen
318 3494 398 3530 essem
409 3481 424 3529 a
437 3480 544 3530 Christo.
556 3480 585 3529 ll.
597 3480 725 3543 chrysost.
738 3482 865 3544 aptarim:
880 3492 927 3529 nea
944 3480 1093 3543 simpliciter
1103 3480 1165 3530 dlxii
1175 3482 1237 3542 apo

180 3550 260 3601 stolus
269 3548 361 3609 velim,
372 3550 415 3599 sad
427 3551 454 3600 id
464 3549 611 3610 intendens,
623 3552 660 3599 ait
671 3552 788 3612 aptarim.
800 3548 938 3611 Theophyl.
951 3551 1069 3611 optarim.
1089 3548 1162 3599 iaxta
1177 3566 1236 3612 quos

180 3633 270 3671 seusus
289 3623 341 3679 est,
362 3623 474 3683 optarem
488 3620 531 3671 rel
544 3622 667 3683 optarim,
688 3620 787 3685 utinam
804 3622 927 3670 nimirum
940 3620 962 3669 sl
974 3618 1030 3668 lieri
1048 3622 1146 3683 posset,
1164 3621 1202 3670 rel
1216 3624 1235 3670 si

180 3688 342 3740 [1111111111.
705 3686 709 3691 ’

211 3761 285 3809 iuxta
302 3763 418 3811 nastrum
435 3763 615 3823 interpretem,
635 3762 771 3825 optabam,
795 3764 822 3812 ltl
845 3766 899 3823 est,
915 3766 969 3823 iarn
988 3760 1033 3811 diu
1056 3764 1142 3823 aptare
1160 3766 1235 3824 capi,

182 3832 304 3890 optarint
319 3832 386 3891 opta.
401 3829 526 3890 Optabam
544 3831 619 3880 enim.
633 3831 701 3880 Adeo
715 3833 781 3894 ipsos
792 3831 876 3894 diligo.
889 3831 985 3880 indicat
1000 3818 1113 3890 viscera,
1129 3835 1153 3879 el
1164 3834 1235 3892 quim

182 3896 324 3946 vehementi
338 3899 460 3947 charitate
471 3911 529 3959 erga
543 3912 585 3950 eos
597 3900 703 3951 allectus
715 3906 782 3961 erat,
797 3904 833 3949 aii
851 3900 1062 3963 Tlreophylactus.
1074 3902 1128 3963 Epo
1147 3902 1234 3963 ipae...

181 3976 258 4028 quem
271 3977 318 4013 nec
335 3980 418 4027 mars,
435 3980 482 4016 nec
498 3969 565 4029 vita,
583 3973 632 4019 ete.
649 3974 755 4033 possunt
770 3972 784 4019 a
800 3970 893 4019 Christi
905 3970 1027 4019 charitate
1038 3980 1161 4031 separare.
1178 3985 1199 4020 a.
1211 3977 1233 4021 8.

183 4047 212 4087 n.
225 4036 265 4087 il·
276 4034 410 4093 namneum
423 4048 488 4098 ease,
504 4035 531 4088 ia
542 4040 595 4101 cst,
612 4044 741 4103 seramus
752 4077 759 4103 ‚
771 4039 927 4093 abaheuatus
936 4050 989 4091 essa
1003 4038 1018 4090 a
1031 4038 1148 4103 Christor
1161 4042 1234 4093 nana
