2559 4450
184 323 234 388 ,16
462 377 465 382 .
491 324 695 380 itersheim
713 323 963 380 ababtibus

183 421 305 486 prodicta
318 421 405 472 autem
417 432 448 472 er
460 419 512 484 lege
531 424 591 474 aunt
607 422 758 485 desumpta,
769 423 796 471 et
817 421 1045 477 ditusnatomnin
1052 417 1253 476 mundusneo:

189 489 245 542 haec
255 488 313 540 tdeb
323 491 396 540 vobis
409 491 542 554 exprobrat
550 529 557 552 ,
566 496 595 543 at
606 491 727 542 omnibus
738 501 796 540 om-

186 559 255 630 nino
265 559 414 614 hominibus
425 572 453 610 os
464 559 609 612 obstruatur
627 579 633 608 ι
648 558 736 608 nullm
745 571 795 608 au-

190 631 250 682 deat
264 643 291 680 se
307 629 401 690 absque
413 633 516 692 peccato
528 641 581 679 esse
590 629 710 691 gloriari;
726 625 795 676 sede

191 700 281 749 contri
288 712 376 750 omnes
386 697 491 748 omnind
499 700 581 749 sciant
592 701 617 748 et
625 695 794 750 confiteantur

190 781 217 819 sc
229 767 279 817 ileo
288 766 370 828 judici
384 767 504 817 obnoxios
517 779 580 816 esse.

222 833 429 896 Quandoquidem
445 848 493 886 nec
511 835 551 884 lex
569 835 678 885 Mosalca
694 833 794 883 littera·
850 833 896 884 20.
910 829 979 893 Quia
995 834 1029 884 ex
1047 829 1187 900 operibus
1197 829 1258 894 legis

186 901 249 954 liter
260 903 404 963 observata,
414 917 567 966 quemquam
578 903 726 954 mortalium
735 901 795 951 rerd
816 921 873 962 non
884 905 1081 976 justificamur
1092 908 1191 961 omnis
1202 921 1258 956 capr,

191 977 216 1022 et
228 961 314 1023 corant
322 972 794 1035 llcoreddetunquamjustum;qula,
816 978 912 1042 coram
930 985 989 1039 5110·
1002 988 1055 1038 pe,
1073 985 1174 1055 legem
1192 984 1258 1036 enim

188 1055 238 1106 per
247 1042 328 1105 legem
346 1043 421 1094 datur
436 1043 539 1106 quidem
556 1044 667 1104 cognitio
681 1042 793 1103 peccati,
816 1067 938 1136 cognitio
948 1064 1065 1136 peccati·

192 1115 237 1163 sed
250 1126 302 1164 non
320 1113 395 1163 datur
410 1113 552 1163 remedium
562 1112 676 1178 pcccati,
689 1110 740 1160 niel
750 1121 794 1160 re-

193 1188 310 1236 curratur
322 1185 355 1234 ad
366 1184 506 1235 Christum.

192 1363 253 1426 qula
271 1361 329 1424 Ilei,
347 1361 457 1426 quidde
474 1349 631 1423 infidelibus}
649 1362 693 1424 qul
711 1361 822 1424 peccatis
835 1362 865 1409 et.
878 1356 1052 1422 impietatibus
1071 1358 1151 1408 erant
1165 1354 1257 1405 obruti?

223 1431 316 1484 Omnes
330 1432 388 1494 ergo
400 1445 502 1495 prorsus
513 1432 629 1482 homines
642 1431 733 1480 adeant
743 1465 750 1491 ,
759 1435 785 1479 et
798 1441 874 1493 aquo
885 1427 1005 1492 glorietur
1014 1441 1042 1476 so
1051 1427 1152 1488 absqirc
1163 1430 1269 1488 peccato

194 1515 247 1552 esse
259 1520 266 1552 e
280 1503 324 1552 sed
338 1503 449 1551 econtra
460 1538 466 1562 ,
479 1514 567 1552 omnes
580 1500 686 1551 omnino
699 1501 816 1551 homines
834 1501 917 1550 sciant
934 1509 961 1548 se
975 1497 1027 1547 beo
1038 1495 1123 1558 judlci
1144 1495 1257 1544 obnoxios

193 1581 247 1619 esse
259 1570 291 1618 ad
304 1573 412 1620 mortem
428 1574 558 1620 aeternam.

225 1639 347 1688 Subditas
353 1653 363 1700 ;
372 1637 416 1688 Gr.
424 1636 544 1698 ύπᾰδικοςῐ
553 1638 580 1688 ld
588 1643 626 1688 est
635 1677 642 1700 ,
652 1651 712 1689 reus
721 1677 728 1699 ‚
737 1640 909 1702 obnoxiusque
917 1675 924 1699 ,
933 1635 1085 1701 tllc'proprld
1096 1635 1210 1692 dicitur,
1220 1635 1254 1692 qui

193 1708 242 1756 sili
258 1709 310 1770 ipse
324 1707 358 1756 ad
373 1708 545 1760 defensionem
560 1710 668 1759 minimi
684 1709 798 1759 sufficere
814 1709 873 1760 edm
886 1711 982 1773 possit,
998 1706 1104 1757 alterius
1127 1704 1254 1769 patrocinii

193 1788 240 1838 opo
255 1777 362 1838 indiget,
374 1779 410 1826 alt
422 1777 452 1826 ll.
464 1778 553 1841 Chrys.
565 1779 624 1830 talis
634 1782 689 1828 erat
702 1778 814 1829 conditio
826 1783 921 1829 nostra.
935 1778 1013 1828 idem.

224 1847 360 1898 Universus
372 1849 456 1910 ltaque
469 1850 580 1900 mundus
591 1863 665 1899 reum
678 1857 706 1899 se
717 1848 838 1910 fateatur,
849 1848 981 1900 subditum
993 1851 1095 1899 aeternae
1107 1846 1255 1898 condemna·

192 1919 271 1980 tlonl,
283 1919 423 1970 debitorem
434 1933 581 1982 poenarum,
593 1921 687 1971 divinae
695 1921 814 1970 vindicte
823 1921 960 1970 obnoxium
969 1941 977 1982 ς
987 1923 1013 1969 et
1024 1923 1052 1969 in
1064 1920 1115 1970 bac
1127 1919 1211 1969 reatris
1222 1918 1253 1964 sui

193 1988 349 2039 contessione
358 2026 365 2052 ,
375 2003 428 2040 sese
439 1990 489 2040 ileo
501 1994 526 2040 et
535 1991 634 2042 Christo
647 1993 702 2050 ejus
711 1992 841 2052 subjiciat,
851 1992 956 2053 eiusque
965 1991 1053 2053 metire
1067 1989 1197 2040 auxilium
1211 1990 1252 2036 inr-

193 2059 290 2122 ploret,
300 2063 321 2110 sl
329 2061 466 2122 justificari
478 2065 502 2112 et
516 2061 608 2112 salvari
617 2063 735 2113 voluerit.

224 2149 264 2198 20.
275 2149 342 2207 Quia
353 2163 381 2198 eo
395 2151 513 2212 operibus
521 2150 590 2212 lepis.
599 2151 656 2214 Syr.
663 2149 868 2214 quandoquidem
881 2162 929 2200 neo
940 2149 981 2199 lex
993 2151 1117 2211 monlon,
1127 2163 1177 2201 neo
1188 2160 1251 2210 opera

193 2212 268 2279 legis,
282 2232 436 2282 quemquam
454 2220 600 2271 mortalium
620 2222 679 2272 rerd
700 2227 825 2271 eteorum
839 2219 889 2269 ileo
912 2218 999 2269 reddet
1018 2232 1135 2281 uuquam
1153 2221 1250 2281 justum.

194 2286 244 2335 Per
259 2287 334 2349 legem
346 2291 412 2339 enlm
421 2290 526 2352 cognitio
539 2292 651 2353 peccoti,·
661 2290 687 2340 id
701 2294 753 2352 est,
763 2290 847 2339 datur.
864 2288 941 2338 Docet
953 2289 1015 2350 quid
1026 2286 1250 2347 iaciendum,quid

194 2352 357 2419 fugiendum,
373 2364 421 2410 etc.
434 2363 460 2408 at
479 2370 531 2408 non
548 2359 591 2409 dat
608 2359 750 2409 remedium
765 2359 877 2422 peccati,
891 2370 936 2406 seu
956 2359 1082 2418 gratiam,
1095 2357 1150 2418 que
1166 2356 1250 2405 tollitur
1268 2395 1270 2408 ,

194 2430 326 2487 peccatum
337 2448 344 2477 ι
354 2430 421 2480 hauc
436 2429 504 2480 solus
517 2422 817 2490 christinianorum
831 2426 889 2489 ergb
904 2424 1047 2477 necessarib
1058 2426 1249 2482 recurrendum,
1268 2423 1270 2476 ἱ

193 2496 297 2557 ejusque
308 2500 400 2559 jugiter
417 2498 605 2561 implorandum
618 2497 752 2547 auxilium.
1268 2525 1270 2546 :

223 2564 255 2613 Et
265 2566 319 2616 boo
331 2567 504 2616 esteoaolusio
516 2580 546 2615 ex
554 2567 686 2627 hucusque
696 2567 772 2618 dictis
784 2565 949 2626 deducendu3
962 2577 1010 2614 nec
1021 2564 1197 2629 philosophia,
1209 2576 1248 2613 neo

194 2630 234 2682 lex
249 2634 372 2695 biosaioa,
392 2635 449 2683 rere
466 2637 565 2694 justum
584 2634 692 2685 reddidit
708 2648 880 2697 quemquam
898 2648 988 2685 omnes
1010 2635 1058 2685 sub
1077 2639 1179 2697 peccati
1197 2642 1249 2695 jugo

195 2702 279 2763 luere,
292 2716 379 2752 omnes
390 2700 490 2752 obnoxii
501 2740 508 2763 ,
521 2716 608 2753 omnes
621 2704 715 2754 Christi
727 2719 774 2768 ope
790 2706 939 2766 indigentes.

224 2773 294 2821 ilanc
304 2775 435 2821 veritatem
445 2772 564 2833 edoctus,
574 2774 653 2836 eique
662 2778 763 2837 penitus
776 2776 890 2826 imbutus
901 2778 926 2823 et
936 2777 965 2823 tu
974 2810 981 2834 ‚
990 2786 1078 2823 eoram
1089 2774 1154 2837 lieo,
1163 2779 1249 2824 reatum

196 2845 285 2901 tuum,
302 2840 406 2890 humilis
423 2854 453 2891 ac
467 2844 649 2893 tremebundus
664 2857 787 2906 agnosce,
801 2848 826 2893 et
837 2844 869 2892 ob
882 2856 943 2893 eum
955 2846 1099 2906 prostratus
1116 2849 1143 2895 et
1159 2843 1250 2905 supplex

196 2906 337 2971 frequentor
348 2910 424 2961 adora
434 2911 530 2973 Deum,
546 2926 636 2975 rogans
650 2914 754 2975 obnixe,
764 2917 793 2964 ut
802 2926 846 2975 per
859 2912 953 2963 Christi
968 2910 1106 2962 Salvatoris
1119 2917 1160 2963 tui
1172 2914 1248 2962 marin

195 2978 329 3042 largiatur,
339 2978 374 3029 ut'
387 2980 420 3029 nd
437 2986 599 3045 peccatorum
620 2986 725 3033 tuorum
743 2981 943 3045 indulgentiam,
961 2984 987 3031 et
1002 2980 1035 3029 ad
1049 2984 1161 3042 gratiam
1179 2982 1248 3031 valeas

196 3051 336 3115 pervenire.

230 3117 339 3167 Υπὸδικον
359 3124 400 3183 te,
416 3127 441 3173 et
460 3122 666 3173 condemnationi
684 3124 821 3174 obnoxium
838 3136 963 3186 agnosce,
982 3126 1034 3175 nlsl
1049 3124 1091 3175 tui
1109 3129 1247 3178 misereatur

196 3188 276 3251 lleus;
293 3190 361 3241 hanc
376 3191 433 3253 ergd
448 3192 647 3243 misericordium
662 3192 693 3243 ob
714 3193 843 3243 Christum
860 3196 885 3241 et
899 3206 944 3255 per
967 3193 1098 3249 Christum
1116 3196 1248 3260 frequenter

196 3260 302 3323 implora
311 3298 318 3322 ‚
327 3260 387 3311 eted
395 3261 551 3324 frequentiis
559 3300 566 3324 ,
575 3262 624 3325 quo
636 3262 800 3326 periculosior
810 3266 836 3312 et
848 3262 988 3325 generalior
998 3266 1036 3313 est
1045 3266 1162 3318 universi
1172 3262 1248 3318 muudi

195 3344 239 3394 per
253 3334 485 3394 concupiscentiam
499 3336 637 3397 corruptio.

225 3402 306 3463 liujus
319 3406 529 3465 eoncupiscentia
538 3404 645 3453 allectus
654 3405 732 3458 babes
742 3405 770 3453 in
778 3418 805 3453 n.
818 3407 855 3455 to.
868 3407 906 3454 tt.
921 3406 959 3453 tt.
971 3408 1021 3454 etc.
1033 3404 1100 3455 bene
1112 3406 1247 3469 descriptos.

198 3476 223 3519 1⁰
238 3472 284 3520 Per
299 3476 431 3534 peccatura
445 3473 544 3534 justitii
559 3472 671 3537 spoliat:
686 3487 736 3523 non
751 3480 785 3523 est
798 3472 901 3535 justos,-
914 3474 941 3523 2⁰
959 3476 1085 3525 rationem
1102 3480 1247 3537 corrumpitr

196 3556 245 3590 non
261 3552 295 3591 est
311 3542 462 3605 intelligens,-
472 3549 498 3595 3⁰
514 3557 558 3594 cor
573 3543 693 3607 depravat
708 3548 733 3593 et
748 3546 840 3593 avertit
852 3544 868 3593 1
881 3545 948 3605 heo,
962 3547 992 3593 ut
1006 3545 1040 3593 ad
1055 3551 1186 3598 creaturos
1199 3558 1246 3595 cor·

197 3614 278 3681 uertat
291 3630 298 3659 a
313 3625 363 3661 aon
381 3618 415 3661 est
430 3615 558 3676 requirens
580 3614 661 3663 Deum
673 3634 681 3663 ,·
693 3628 776 3664 omnes
793 3613 979 3663 declinaverunt
995 3614 1011 3663 a
1026 3614 1093 3676 beo,
1111 3618 1207 3667 scillcet
1223 3611 1246 3661 ad

198 3684 325 3729 creaturas
335 3700 342 3741 ;
352 3682 378 3729 4⁰
389 3680 421 3729 ad
431 3694 505 3731 omne
515 3684 611 3732 bonum
623 3696 686 3745 opus
695 3682 777 3731 reddit
787 3681 904 3743 inutiles,
912 3683 1100 3733 simulinutiles
1110 3685 1174 3752 [orti
1184 3691 1246 3736 sart:

198 3755 295 3797 nonest
311 3748 355 3810 qui
368 3748 447 3811 sociat
462 3751 628 3811 bonum,'aut
644 3754 664 3800 si
677 3751 769 3811 iaciat,
784 3750 847 3800 illud
859 3753 999 3813 corrumpit
1012 3752 1080 3801 mala
1100 3756 1244 3808 intentione,

197 3822 242 3865 aut
257 3818 447 3869 circumstantld
461 3821 502 3869 red
512 3840 519 3881 ;
531 3823 556 3869 5⁰
571 3835 614 3871 cor
625 3825 774 3884 corruptum
784 3834 861 3888 suurn
873 3823 899 3870 in
912 3820 1024 3881 linguam
1036 3820 1161 3873 diiiundit
1175 3829 1244 3879 virus,

198 3896 253 3944 quae
267 3888 393 3937 mondum
403 3888 473 3938 brevi
484 3889 563 3950 replet
581 3892 727 3951 iniquitate,
740 3894 825 3952 utpote
836 3903 892 3951 quae
904 3895 941 3939 est
953 3890 1095 3950 iniquitatis
1109 3894 1244 3943 universim

199 3954 222 4001 et
237 3955 345 4005 mundus
359 3957 504 4019 injustitie,
518 3960 546 4006 ut
560 3960 597 4007 ait
616 3958 646 4009 b.
665 3958 791 4007 Iacobus:
808 3958 952 4020 sepulcrum
964 3964 1051 4019 potero
1065 3964 1116 4020 est;
1130 3965 1158 4010 6ο
1174 3963 1245 4022 lindio

200 4032 295 4073 veneno
310 4025 403 4079 inlecta
415 4028 443 4079 tu
453 4028 536 4081 omnia
553 4026 603 4078 doll
614 4032 639 4079 et
655 4028 748 4081 haudo
760 4029 974 4111 instrumentum,
986 4041 1030 4087 per
1039 4029 1176 4081 mendacin
1187 4043 1245 4098 ,prr
