2559 4450
176 209 221 266 'es
421 213 436 266 J
483 207 687 266 EPISTOLAE
703 204 753 267 Ab
769 204 955 269 nunides
984 231 991 241 ’

183 315 231 356 ues
248 323 255 355 ε
274 305 310 356 ita
324 309 371 368 per
388 311 471 356 unani
490 304 635 368 huminem,
656 306 786 357 Christum
807 309 1150 398 transiluingupemlet
1158 290 1266 393 peace:

185 375 298 436 scillcet,
309 377 422 436 justitie,
435 379 460 425 et
470 387 514 438 per
525 378 652 436 iustitiam
664 379 731 440 rita,
743 379 786 428 ln-
808 395 916 444 vel-un„
1264 410 1266 421 ·

175 447 261 494 travit
273 447 301 493 in
313 443 450 495 mundum.
721 492 723 498 ,
1264 444 1266 513 i

216 511 288 572 Qube
301 515 329 562 in
345 511 441 563 tdame
456 518 618 576 peccaverint
635 528 724 566 amnes
738 515 786 566 be-
841 525 887 577 45,
906 524 1000 591 Usque
1015 521 1052 576 ad
1066 521 1161 590 legem
1178 521 1247 573 enim

183 582 283 641 mines,
304 585 330 629 et
352 587 533 643 consequenter
552 583 620 646 quea
640 585 672 634 ab
694 585 785 635 adami
807 605 953 665 pecoetum
972 605 1032 653 erat
1054 598 1085 651 in
1111 597 1220 653 mundo
1239 584 1266 652 ,²

182 651 338 712 temporibus
359 655 492 714 peceatum
517 653 594 704 luerit
618 656 646 704 in
669 655 784 716 munde,
806 683 1119 745 peccatumauoemnon
1131 666 1266 741 impupg.i

182 718 557 852 ittetimtiitbtu
571 721 785 854 ῗῗέἱθῖὲίἳὲῗξῗὲῖ
807 755 1215 831 benevenerunt

182 857 215 905 ab
234 856 381 906 haminibus
399 861 726 921 suemeencupiseentiem
742 872 785 909 se-

182 925 334 988 quentibus,
350 931 376 977 et
392 925 473 988 legem
486 927 601 977 nenddm
615 927 782 989 habentibus,
882 967 885 971 ⁷
928 963 932 968 -

182 1007 239 1057 quae
264 997 362 1058 peceati
382 993 519 1045 loedimiem
542 999 602 1059 ipsis
621 996 763 1046 ostenderet
774 1017 782 1058 ;

181 1069 251 1129 patet
266 1079 297 1116 ex
311 1070 407 1128 morte,
423 1067 528 1128 ellectu,
548 1071 573 1116 et
587 1077 662 1130 piene
675 1070 782 1132 peceati.
881 1122 883 1125 ,

213 1247 279 1302 Eece
291 1251 404 1314 primum
421 1250 619 1314 comparationis
635 1249 781 1302 membrum
793 1250 825 1300 ab
838 1249 955 1314 Apestele
969 1251 1099 1313 pesitum
1110 1251 1141 1299 st
1153 1250 1246 1311 impetu
1264 1244 1266 1319 l

182 1315 291 1382 subires
304 1318 439 1384 abreptus,
451 1320 559 1370 alterum
571 1322 767 1384 comparationis
777 1320 923 1370 membrum
931 1319 1016 1368 differt
1027 1330 1109 1380 usque
1122 1318 1160 1368 ad
1170 1330 1198 1367 n.
1213 1319 1245 1364 te.
1264 1336 1266 1339 ·

182 1391 268 1452 luitur
282 1392 347 1441 sieut
355 1405 402 1454 per
412 1392 489 1440 unlus
501 1391 634 1450 dcimam,
647 1395 696 1440 ete.
708 1391 743 1440 ibi
755 1393 825 1441 enim
835 1389 974 1441 absolvitur
988 1391 1158 1452 comparatio.
1264 1384 1266 1461 ζ

169 1465 172 1470 “
212 1461 407 1524 senescendum
423 1465 461 1511 est
474 1463 551 1523 igitur
567 1461 611 1511 hle
627 1461 800 1524 hyperbaton,
814 1474 866 1524 que
883 1460 1041 1524 perlongum
1055 1459 1245 1524 parenthesim,
1264 1480 1266 1501 ι

180 1527 314 1592 Apostolus
327 1532 353 1578 et
365 1531 462 1592 peccaui
477 1529 606 1590 originalis
619 1529 836 1583 universalitatem
847 1529 995 1592 cendrmat,
1007 1533 1033 1580 et
1043 1531 1171 1580 institutae
1180 1539 1246 1576 cem·
1264 1508 1266 1607 l

179 1600 319 1662 parationis
334 1597 553 1648 dissimilitudines
568 1604 691 1649 recenset.
972 1617 975 1620 ·
1264 1612 1266 1633 ¹

213 1672 238 1718 1⁰
250 1667 391 1718 Confirmet
402 1680 492 1718 emues
505 1670 533 1718 in
545 1668 641 1720 adame
650 1672 807 1734 peceeeisse,
817 1683 862 1722 sen
872 1671 941 1734 qued
949 1669 1013 1722 dixit
1023 1671 1052 1722 in
1065 1684 1094 1721 n.
1106 1672 1147 1720 tt.
1159 1670 1189 1720 ia
1201 1682 1245 1731 que
1264 1732 1266 1739 Ι

180 1751 263 1790 eetues
277 1745 448 1802 pecaaeuuat.
547 1782 555 1796 .,
1264 1756 1266 1779 ¹

212 1812 250 1860 13.
263 1810 342 1872 Usque
351 1809 386 1859 ad
395 1809 471 1872 lupam
482 1809 547 1860 caim
553 1815 685 1874 peccatum
693 1818 761 1874 erat;
770 1813 857 1876 idest,
867 1813 899 1864 ab
909 1814 1005 1864 adame
1014 1851 1022 1875 ,
1031 1825 1112 1876 usque
1121 1813 1160 1862 ed
1172 1812 1243 1874 leucu
1264 1798 1266 1835 ¹

179 1878 321 1941 exclusive,
345 1891 390 1930 seu
406 1883 465 1930 ente
478 1880 558 1942 legem
577 1880 678 1946 datam,
691 1889 823 1946 peecatum
836 1886 890 1933 tam
909 1882 1043 1946 originale,
1056 1881 1135 1944 quem
1147 1880 1244 1932 actuale

191 1951 230 2001 uit
247 1951 275 2000 ia
291 1951 394 2000 munde.

180 1949 196 2016 ἴ
209 2021 343 2071 Peccatum
353 2025 437 2070 autem
445 2033 495 2070 aea
507 2017 694 2083 imputabatur.
706 2019 749 2071 Gr.
758 2033 812 2072 nen
822 2022 977 2086 imputatur,
987 2035 1039 2072 nen
1050 2023 1176 2072 existente
1184 2021 1241 2082 lege.
1264 1994 1266 2027 Ι

178 2089 253 2140 Juxta
271 2103 348 2153 quam
358 2090 493 2142 lectionem
506 2102 594 2142 sensus
612 2095 651 2140 est
662 2110 668 2140 ε
681 2090 726 2140 ubi
744 2105 798 2142 nen
810 2096 848 2142 est
858 2093 914 2155 lex,
927 2093 963 2142 ibi
974 2095 1108 2156 peecatum
1119 2105 1175 2142 nen
1197 2095 1243 2140 im-

177 2165 291 2225 putatur.

167 2257 172 2265 ν
209 2233 257 2283 Sed
267 2234 370 2296 Syrisce
380 2244 446 2283 vers.
460 2235 527 2284 slent
536 2235 562 2282 et
570 2234 657 2283 nestra
667 2232 758 2294 habet,
768 2246 820 2284 eeu
828 2233 1016 2297 imputabatur.
1027 2234 1140 2298 AEtbiep.
1152 2238 1179 2285 et
1188 2234 1241 2283 ltre-

177 2298 248 2364 bica,
262 2316 314 2353 nen
329 2302 510 2365 reputabatur,
528 2305 571 2353 vix
586 2304 776 2353 existimabatur
786 2304 819 2353 ab
836 2304 984 2355 haminibus
995 2303 1075 2355 selam
1087 2307 1209 2354 naturam
1221 2306 1242 2349 et

166 2374 411 2435 'concupiscentiam
429 2372 592 2436 sequentibus
609 2378 635 2423 et
654 2372 735 2436 legem
750 2374 866 2425 nendum
887 2375 1055 2436 habentibus,
1071 2385 1131 2437 quae
1145 2373 1240 2437 peccati

177 2438 314 2491 feditatem
326 2444 386 2504 ipsis
399 2444 551 2493 estenderet.

166 2528 168 2535 ·
208 2511 251 2562 Vel
265 2525 324 2562 eum
338 2512 410 2574 eliis,
427 2528 479 2563 aea
491 2511 694 2576 imputabaturd
710 2512 760 2563 llee
773 2514 805 2564 ad
816 2516 914 2564 mutam
925 2526 1043 2577 punem:
1055 2516 1092 2565 ita
1102 2514 1226 2577 Gagnaeus
1232 2532 1239 2571 ;

176 2582 527 2701 &centuputabaturtem
536 2582 661 2643 graviter,
673 2581 734 2631 edm
745 2582 786 2633 lex
794 2586 888 2647 scripta
897 2596 950 2634 nen
959 2588 1040 2646 esset,
1052 2588 1082 2633 ut
1092 2586 1130 2636 ait
1138 2584 1238 2645 Dionys

225 2652 367 2701 tbusianus.
391 2662 395 2671 ·

209 2741 247 2788 it.
261 2738 309 2787 Sed
321 2734 436 2798 repatuit
449 2746 518 2783 mere
530 2732 563 2783 ab
577 2734 668 2784 Adam.
678 2731 770 2786 Probet
780 2748 811 2787 ex
825 2736 916 2787 ellectu
925 2736 1153 2801 etpoendpeaeuti,
1162 2742 1239 2789 marte

175 2808 286 2866 scilieet,
302 2805 370 2867 qued
383 2814 471 2853 amnes
486 2805 564 2853 etlam
577 2808 636 2869 aute
649 2804 730 2867 legem
743 2810 816 2856 erant
828 2807 929 2858 abnoxii
942 2812 1055 2871 peecata.
1264 2841 1266 2880 Ι

207 2876 329 2938 aequauit
342 2888 422 2935 mers,
438 2876 463 2923 et
474 2886 507 2922 ne
520 2872 583 2924 terte
593 2876 702 2937 excipias
712 2874 823 2927 inientes
832 2874 848 2927 t
856 2882 960 2941 peccate
970 2914 977 2939 ,
986 2880 1047 2939 quie
1058 2879 1166 2931 rationis
1180 2892 1238 2928 nere
1264 2885 1266 2908 ¹

176 2942 238 2999 diem
250 2950 390 3009 competes,
402 2944 488 3005 addit,
504 2942 580 2994 etiam
595 2946 624 2995 ta
636 2958 693 3005 ees,
712 2947 757 3009 que
773 2961 825 2997 aaa
839 2954 1002 3010 peecaverunt
1013 2952 1118 3009 peccate
1127 2939 1237 3003 actuali,
1264 2913 1266 3008 d

175 3031 221 3073 seu
233 3018 334 3083 preprit
346 3015 492 3078 voluntate,
504 3018 571 3065 sieut
583 3014 682 3066 Adamz
702 3016 755 3067 sele
769 3018 855 3080 ltaque
871 3019 961 3069 menis
978 3016 1087 3068 illerum*
1099 3031 1178 3068 eausa
1194 3020 1237 3067 luit
1264 3013 1266 3058 Ι

174 3092 308 3154 peceatum
323 3084 452 3149 origlnale.
1264 3113 1266 3122 ι

206 3159 389 3221 Argumentum
400 3167 458 3219 erge
469 3153 579 3219 Apostoli
595 3154 644 3206 bea
657 3159 695 3207 est
709 3175 716 3205 ι
1264 3179 1266 3220 :

204 3226 285 3289 blera,
297 3240 353 3290 auec
363 3231 400 3277 est
412 3238 503 3289 poene,
520 3226 624 3277 effectus
635 3230 660 3275 et
671 3238 756 3277 cemes
768 3224 900 3276 individue
913 3228 1024 3289 peccati,
1036 3229 1091 3276 erat
1104 3228 1133 3277 lu
1143 3227 1236 3277 munda
1264 3227 1266 3284 i

173 3304 233 3351 ente
242 3297 349 3361 legem:
358 3302 383 3347 et
400 3296 520 3359 regnmet
530 3296 562 3345 ab
575 3295 671 3346 adeum
687 3298 715 3344 in
735 3308 823 3346 omnes
837 3295 972 3358 hemines,
986 3294 1063 3346 etlam
1078 3297 1108 3345 in
1120 3294 1177 3346 illes
1196 3299 1236 3358 qui

173 3376 233 3422 aete
245 3384 298 3420 nen
311 3370 491 3433 peccaverant,
502 3369 567 3417 sieut
578 3365 675 3417 Adam:
687 3380 745 3429 erge
754 3370 888 3430 peecatum
898 3404 905 3429 ,
917 3368 985 3430 qued
995 3370 1033 3417 est
1045 3380 1124 3417 causa
1135 3372 1235 3426 mertis,

174 3446 228 3491 erat
242 3444 268 3489 in
280 3440 398 3489 omnibus
415 3438 583 3497 haminibus,
601 3440 679 3488 etiam
689 3438 845 3499 infantibus,
856 3442 915 3488 ente
926 3438 1007 3500 legem
1020 3456 1027 3486 ι
1040 3436 1101 3487 lieet
1111 3443 1175 3488 tnnc
1186 3452 1235 3487 nan
1264 3461 1266 3520 i

173 3512 332 3573 reputaretur
343 3508 375 3555 ab
386 3505 548 3568 bominibus,
563 3510 661 3556 neturae
672 3509 859 3571 curruptionem
873 3511 899 3556 et
909 3507 989 3557 selam
1002 3510 1235 3569 concupiscentium
1264 3523 1266 3532 ·

90 3624 96 3634 ,
173 3578 356 3641 sequentibus:
371 3588 416 3625 seu
424 3576 484 3627 lieet
494 3576 580 3626 minus
593 3574 669 3625 tDee
680 3578 863 3640 imputaretur,
875 3581 962 3640 utpete
977 3575 1094 3627 nondam
1104 3577 1159 3639 lege
1169 3580 1235 3641 pasi-

172 3650 226 3699 tivi
237 3645 350 3711 expresse
361 3645 526 3707 prohibitum.
1264 3687 1266 3700 2

204 3714 235 3765 st
246 3728 279 3765 ne
290 3714 389 3763 dicetur
399 3712 475 3762 luisse
484 3717 617 3776 peecatum
626 3713 738 3777 actuale,
750 3714 820 3764 addit
829 3718 937 3765 mertem
946 3718 1009 3765 tune
1020 3715 1151 3779 regndsse,
1162 3720 1233 3768 etiam

171 3782 201 3833 s'u
216 3798 255 3833 ees
271 3784 315 3847 qut
327 3783 386 3832 actu
401 3796 452 3831 aea
467 3789 643 3843 peccauerunt,
659 3784 727 3835 sieut
741 3783 835 3847 Adam,
851 3783 879 3834 ld
896 3789 934 3835 est
944 3785 972 3834 ln
985 3784 1115 3835 inientesz
1133 3798 1191 3851 erge
1205 3791 1233 3838 ab

171 3850 255 3905 solum
272 3856 406 3915 peecatum
423 3850 553 3912 erminule.
571 3850 673 3903 Graecus
688 3856 772 3905 textus
789 3859 816 3906 et
834 3864 922 3907 omues
941 3854 1069 3907 uerslenes
1084 3854 1143 3919 Syr.
1160 3858 1232 3909 trab.

173 3920 285 3985 AEtbiep.
300 3922 408 3985 babent,
422 3920 468 3986 put
478 3934 528 3972 aea
537 3928 710 3985 peceueuuat.
