2559 4450
171 269 231 316 m
326 240 331 254 ’
592 244 816 311 usurario.

209 351 285 418 Aliae
304 351 380 416 sunt
391 344 621 414 obscuritatum
633 365 757 430 cause,
776 346 944 430 dequibus
958 345 1101 412 videaur
1114 349 1152 410 h.
1171 343 1245 410 llic

170 476 240 523 ron.
255 458 367 537 quest.
388 455 429 519 ad
441 453 599 536 hlgasiam
620 455 753 520 decimi.
767 453 915 523 Videatur
926 456 960 518 ct
971 448 1167 518 Corneliusd
1181 455 1246 515 ha-

171 561 262 644 pidc,
277 565 394 626 Ganon.
409 577 518 626 rerum
531 561 565 624 et
577 561 757 625 verborum.

209 669 250 732 ht
262 665 478 730 difficultatem
491 667 676 746 compensat
687 664 830 729 utilitatis
840 660 1043 744 magnitudo,
1054 661 1099 726 ait
1111 661 1242 726 latius:

169 772 246 854 quid
269 772 353 837 enim
369 772 477 836 utilius
498 772 532 837 in
553 770 637 850 vita,
661 768 757 851 quim
776 769 810 834 id
824 769 961 848 discere,
981 768 1050 833 sine
1069 783 1134 851 quo
1155 767 1243 832 bene

169 875 280 958 beate,
294 880 327 942 et
338 878 372 942 in
384 882 539 942 aetemum
555 878 661 942 vivere
669 894 735 942 non
742 873 870 958 possis?

210 986 309 1069 llujus
324 984 470 1065 Epistola
484 983 658 1050 scribendae
675 983 799 1047 occasio
812 981 873 1046 luit
888 983 958 1044 orta
975 978 1137 1044 contentio
1154 977 1245 1042 inter

170 1108 227 1155 eos
242 1091 355 1172 quiex
373 1091 508 1170 iudeis,
523 1091 557 1154 et
575 1090 646 1154 illos
665 1089 720 1169 qui
734 1105 779 1154 ex
789 1086 983 1167 Gentilibus,
1001 1083 1147 1152 conversi
1168 1087 1244 1149 tue-

169 1199 253 1262 rant.

106 1283 111 1294 ’
208 1300 307 1369 iudei
323 1301 419 1382 hujus
437 1298 650 1366 contentionis
662 1298 828 1377 auctores,
843 1313 909 1379 prae
927 1297 1027 1361 nimio
1038 1296 1118 1378 legis
1132 1300 1166 1362 ct
1188 1301 1244 1361 lu-

169 1407 281 1472 daismi
294 1409 384 1487 zelo,
399 1407 555 1485 Gentiles,
576 1402 672 1470 etiam
684 1405 759 1485 post
771 1401 1010 1468 conversionem
1026 1403 1060 1466 in
1079 1402 1241 1472 Ecclesia.

169 1513 434 1593 aspemabantnr,
456 1511 545 1593 quasi
558 1511 612 1576 Dei
622 1510 723 1592 gratii
731 1508 896 1590 indgnos3
909 1525 983 1572 sese
993 1505 1088 1588 verd,
1102 1509 1145 1571 ob
1157 1509 1242 1589 legis

169 1617 310 1682 llosaice
329 1616 580 1697 observantiam,
602 1615 762 1697 Evangelii
787 1612 888 1696 gratie
905 1613 1020 1694 dignos
1041 1615 1244 1678 arbitraban-

168 1726 241 1804 tur3
261 1724 435 1804 dignosque
453 1723 507 1804 qui
520 1723 588 1787 aliis
600 1723 635 1788 in
647 1721 794 1785 omnibus
808 1721 1040 1802 proferrentur.
1057 1720 1240 1801 llincrixa,

169 1827 331 1898 altercatio
345 1832 378 1893 et
391 1828 581 1910 objurgatio.

208 1934 426 2000 Gloriabantur
437 1933 553 2011 ludaei,
568 1931 655 2015 qudd
667 1931 722 1997 Dei
734 1934 870 2015 populus
886 1935 995 2012 erant,
1010 1929 1062 1996 cui
1074 1932 1148 1996 data
1160 1934 1239 2014 lex,

168 2041 210 2104 ad
219 2057 314 2120 quem
322 2040 486 2120 Prophetae
495 2039 600 2120 missi,
612 2039 663 2103 cui
672 2039 847 2120 promissus
855 2043 888 2102 et
897 2038 992 2102 datus
1001 2038 1160 2120 Christus,
1173 2045 1238 2105 etc.

168 2152 241 2210 llaec
257 2149 364 2212 autem
377 2145 483 2211 omnia
499 2146 565 2210 suis
580 2149 613 2210 et
625 2146 784 2225 majorum
796 2162 927 2208 suorum
948 2143 1069 2208 meritis
1085 2143 1240 2210 attribue
1274 2190 1276 2201 .

167 2255 245 2318 bant
260 2278 267 2318 :
283 2257 352 2320 zelo
369 2255 539 2319 scilicetet
552 2252 694 2318 fidelitati
704 2251 842 2332 ,quibus
861 2256 926 2315 Deo
944 2269 1020 2317 vero
1037 2252 1238 2318 servierant:

167 2363 376 2443 propterque
394 2360 474 2425 tidcs
488 2362 521 2425 et
534 2358 758 2441 Evangelium
750 2357 845 2439 ipsis,
858 2356 1009 2438 tanquam
1021 2356 1241 2423 haereditaset
1273 2399 1275 2472 7

167 2466 390 2548 patrimonium
404 2468 494 2532 erant
508 2466 636 2531 debita.
648 2461 821 2527 Gentilibus
834 2466 960 2547 autem,
978 2465 1091 2547 utpote
1108 2464 1240 2531 idolola-

166 2571 226 2638 tris
234 2574 469 2654 ,omnibusque
485 2569 569 2634 vitiis
584 2568 715 2649 deditis,
736 2564 834 2651 gratis
851 2569 935 2633 data.
1272 2589 1273 2592 ¹

206 2677 344 2743 Gentiles
353 2672 429 2741 verb
443 2673 484 2738 de
497 2673 627 2740 scientia
636 2720 647 2755 ,
657 2672 856 2755 philosophia
868 2673 987 2739 scilicet
1001 2676 1237 2762 gloriabantur,
1272 2607 1274 2744 i

167 2800 244 2865 quin
255 2784 289 2846 et
297 2780 492 2845 extollebant
501 2780 658 2863 quosdam
669 2798 801 2846 suorum
811 2780 936 2861 quiet
945 2798 1013 2848 verr
1026 2778 1272 2852 Deinotitiam

166 2888 359 2967 habuerant,
382 2888 543 2967 multaque
555 2886 744 2969 prudenter,
760 2886 884 2952 fortiter
896 2906 934 2952 ac
942 2886 1030 2969 juste
1046 2899 1235 2971 gesserant:

166 2992 397 3060 inuehentem
410 3010 501 3057 suam
513 2992 546 3057 in
558 2996 658 3056 Deum
670 2991 967 3075 rebellionem3imd
980 2997 1014 3059 et
1026 3012 1138 3076 suam,
1153 3016 1238 3080 quo-
1270 3035 1271 3040 κ

166 3118 228 3182 que
239 3099 449 3165 idololatriam
461 3099 734 3182 improperabant3
752 3099 793 3164 de
809 3101 872 3181 qud
883 3098 975 3164 testis
988 3102 1209 3185 estscriptura
1226 3130 1234 3171 ε

166 3204 355 3285 objiciebant
367 3209 402 3271 et
413 3205 489 3287 ipsis
502 3206 757 3291 persecutiones,
773 3222 851 3286 quas
864 3203 1029 3288 Prophetis
1041 3206 1234 3293 intrderant3

165 3315 199 3375 at
220 3308 376 3393 precipue
396 3314 552 3391 mortem,
575 3328 671 3393 quam
691 3310 751 3392 ipsi
764 3311 891 3375 Ghristo
910 3311 1043 3376 Domino
1062 3314 1181 3394 injuste
1201 3321 1235 3382 et

165 3417 295 3483 cruente
312 3418 468 3485 dederunt
486 3442 494 3483 ι
512 3418 648 3499 hincque
666 3434 702 3482 se
715 3417 875 3501 digniores
888 3418 1104 3503 affirmabant,
1117 3423 1233 3505 quibus

168 3522 324 3604 Evangelii
337 3524 471 3603 gratiam
483 3528 565 3589 heus
578 3522 754 3589 exliiberct.

205 3628 255 3692 Sic
284 3644 361 3709 ergo
385 3628 607 3695 altercantibus
627 3631 777 3695 Romanis
801 3633 970 3713 Apostolus
994 3650 1067 3699 sese
1091 3636 1232 3717 medium

165 3732 354 3815 interponit,
383 3734 581 3817 partiumque
606 3734 797 3816 questiones
820 3736 865 3801 ita
887 3738 1027 3820 dhimit,
1051 3743 1087 3803 ut
1109 3751 1231 3809 asserat

167 3846 198 3901 1⁰
206 3840 374 3919 utrumque
381 3838 544 3921 populum,
552 3839 696 3905 Judaeum
705 3845 738 3905 et
747 3842 888 3906 Graecum
897 3843 1034 3931 graviter
1042 3844 1228 3931 deliquisse;

166 3941 335 4023 Gentilem,
349 3942 423 4025 quia
431 3946 531 4009 baum
542 3960 585 4011 ex
595 3946 741 4011 creaturi
751 3947 933 4028 cognitum,
945 3965 1012 4014 non
1023 3950 1227 4035 glorificavit;
