2559 4450
231 274 242 306 ··
270 240 699 343 mansu-{rurestria
719 281 801 351 ott·
820 280 874 353 ¹2⁸
896 350 907 357 „
1049 279 1111 360 κί’

18 481 1105 547 κυκωωκκκκκκκκκκκκκιοΜΜΜ

110 728 120 827 j
174 707 681 829 intremiscamus-
701 714 980 801 uuoucrru.
1090 693 1098 716 ⁷

523 943 628 959 m

27 1084 75 1179 Is
90 1124 150 1184 hac
162 1124 257 1193 eapite
264 1122 320 1182 tria
331 1122 463 1189 reformat
474 1124 558 1191 mala,
576 1138 640 1194 qua
654 1124 686 1179 in
694 1124 816 1193 publicis
824 1127 1032 1185 corinthiorum
1041 1145 1110 1192 con·

27 1210 174 1264 ventibus
186 1208 366 1275 irrepserant.
579 1274 582 1281 Δ
1087 1200 1092 1211 ’

68 1292 187 1357 Primo,
201 1297 298 1347 contra
316 1291 465 1359 decorum,
479 1291 534 1345 viri
546 1297 645 1359 operto
657 1296 760 1362 capite,
773 1296 904 1351 mulieres
920 1304 1031 1365 aperto,
1045 1295 1111 1355 ora·

29 1381 107 1433 bant
120 1382 149 1431 et
163 1374 378 1444 prophetabant.

72 1460 223 1524 Secundis,
237 1460 353 1513 ditiores
363 1459 392 1513 in
402 1461 519 1515 ecclesia
527 1462 709 1528 particulares
718 1462 771 1515 sihi
781 1464 916 1530 parabant
927 1479 1050 1533 mensas,
1059 1466 1109 1521 ubi

32 1546 227 1616 epulabantur
237 1544 326 1607 laute,
343 1546 513 1613 pauperihus
524 1545 636 1599 iuterim
649 1546 846 1602 esurientibus.

74 1628 185 1695 Tertio,
199 1628 278 1683 multi
289 1628 404 1696 indigne
417 1626 455 1681 ad
466 1629 669 1697 sanctissimam
683 1631 883 1686 Eucharistiam
894 1633 1073 1688 accedebant.

72 1719 183 1771 llorum
200 1710 360 1766 defectuum
376 1712 547 1779 correptioni
566 1714 639 1767 viam
650 1720 731 1781 parat
743 1717 908 1782 Apostolus,
928 1716 1006 1771 hrosi
1017 1717 1110 1773 Corin·

34 1801 166 1855 thiorum
177 1796 277 1862 laude,
291 1796 318 1865 i.
331 1796 359 1848 T.
374 1796 514 1850 contenta.

75 1884 106 1953 pi.
123 1884 150 1937 5.
173 1884 206 1935 Ut
226 1881 345 1949 primam
362 1880 538 1947 aggrediatur
558 1880 799 1948 reformationem,
817 1882 920 1936 stabilit
935 1896 987 1950 pro
1006 1882 1109 1938 funda-

35 1972 153 2031 mento,
168 1964 245 2033 quod
261 1964 332 2017 sicut
347 1963 470 2017 Christus
483 1970 525 2018 est
540 1966 632 2019 omnis
644 1967 695 2019 viri
714 1970 797 2032 caput
810 1971 837 2019 et
848 1966 996 2032 Dominus;
1011 1966 1049 2019 ita
1066 1966 1108 2019 rir

36 2050 168 2107 mulieris
183 2058 225 2103 est
237 2053 340 2115 caput:
356 2050 429 2101 Deus
441 2055 535 2102 autern
547 2049 639 2102 omnis
652 2050 853 2115 superioritatis
865 2049 939 2103 fons.

77 2137 150 2190 ilinc
168 2133 194 2201 y.
216 2136 243 2186 l.
262 2130 345 2185 infert
359 2132 436 2198 quod
454 2133 546 2185 omnis
559 2132 600 2185 vir
620 2146 703 2185 orans
718 2132 841 2199 publice,
858 2132 901 2186 vel
919 2132 1106 2200 prophetans,

38 2221 128 2278 debet
140 2233 200 2272 esse
213 2221 308 2284 aperto
321 2216 427 2283 capite;
443 2216 520 2283 quod
532 2216 643 2284 signum
655 2222 697 2270 est
709 2217 842 2271 libertatis
852 2222 883 2271 et
895 2217 1107 2285 superioritatis.

77 2306 106 2374 j.
120 2303 146 2370 ξι
161 2305 182 2356 Ε
193 2302 291 2356 contra
302 2301 393 2354 omnis
405 2299 504 2353 mulier
514 2306 611 2367 operto
624 2302 714 2368 capite
725 2302 774 2367 sit;
786 2302 862 2369 quod
874 2301 1055 2370 subjectionis
1066 2307 1108 2356 est

38 2391 164 2456 signum.
177 2386 204 2455 i.
221 2387 248 2438 6.
263 2388 354 2451 Turpe
366 2389 409 2437 est
420 2384 529 2436 mulieri
540 2390 636 2450 aperto
646 2387 737 2452 capite
748 2399 828 2440 orare
841 2403 848 2440 :
862 2387 929 2454 quia
939 2386 1014 2440 idem
1025 2391 1067 2440 est
1074 2399 1109 2442 ao

40 2473 66 2524 si
85 2476 159 2526 esset
174 2482 235 2522 rasa
245 2485 253 2534 ;
265 2468 320 2521 lroo
332 2467 501 2534 probrosum
513 2481 579 2535 ergo
591 2474 619 2523 et
629 2470 756 2522 alterum.
790 2480 793 2485 ’

76 2553 107 2620 y.
122 2553 147 2604 T.
161 2555 310 2617 Utramque
321 2550 556 2618 propositionem,
571 2557 600 2605 et
610 2552 647 2606 de
657 2553 717 2607 viro
729 2560 758 2607 et
769 2553 806 2608 de
817 2554 950 2619 muliere,
963 2553 1109 2608 confirmat

40 2637 106 2691 aliis
118 2635 270 2690 rationibus
280 2633 296 2687 a
306 2640 404 2688 natura
416 2633 507 2687 ductis
517 2675 525 2702 ,
536 2649 626 2703 usque
639 2637 675 2689 ad
686 2636 714 2705 i.
726 2641 774 2703 16,
786 2638 835 2691 ubi
845 2637 975 2691 Ecclesiae
986 2651 1108 2692 consue-

42 2719 143 2777 tudine
154 2734 212 2778 rem
224 2717 335 2773 conticit
347 2716 480 2772 adversus
491 2719 661 2773 contrariam
673 2721 838 2775 sententiam
853 2726 1071 2789 propugnantes.

79 2806 109 2875 i.
128 2807 172 2857 lt.
186 2803 296 2856 Transit
310 2803 346 2855 ad
364 2802 462 2868 aliam,
484 2809 512 2858 et
527 2804 642 2872 quidem
654 2805 769 2873 majoris
785 2805 919 2860 momenti
932 2803 1108 2859 reformatio·

43 2905 112 2946 nem
125 2905 132 2942 ε
145 2889 209 2942 hinc
225 2901 282 2940 non
294 2887 406 2952 laudat,
421 2887 471 2942 sed
487 2887 642 2956 vituperat3
656 2890 723 2958 quia
734 2904 831 2945 eorum
845 2896 935 2945 coetus
951 2903 1008 2943 non
1019 2887 1109 2957 proli-

44 2974 160 3031 ciuotin
171 2972 270 3025 melius
279 2974 292 3037 ,¹
298 2971 348 3024 sed
357 2971 389 3023 in
400 2971 523 3026 deterius
535 2973 676 3028 deliciunt.

83 3057 179 3124 Tangit
197 3055 262 3109 vitia
280 3068 344 3123 quae
355 3055 385 3107 in
401 3053 446 3108 his
463 3057 581 3112 coetibus
595 3058 782 3112 committunt.
796 3059 823 3127 y.
840 3061 887 3111 18.
901 3058 1000 3125 Tangit
1010 3070 1123 3120 eorum,

46 3140 249 3204 dissensiones,
264 3151 334 3206 quas
347 3151 380 3192 ex
389 3145 468 3206 parte
479 3141 585 3195 credit:
599 3143 683 3209 quia,
698 3141 775 3208 quod
792 3141 940 3194 schismate
957 3138 1037 3206 pejus
1047 3145 1106 3205 est,

47 3229 156 3294 oportet
166 3229 192 3277 et
204 3222 325 3277 haereses
336 3236 409 3278 esse.
972 3219 976 3224 ’

83 3309 111 3378 ir.
124 3309 167 3361 TO.
178 3308 300 3361 Divitum
317 3313 391 3361 taxat
402 3307 553 3376 ingluviem
567 3308 596 3362 in
609 3307 710 3374 agapis
724 3307 914 3369 celebrandis,
927 3313 1064 3362 eteorum
1077 3307 1108 3362 in

48 3405 183 3465 pauperes
194 3391 334 3446 duritiem.
348 3392 375 3461 i.
386 3393 419 3445 it
434 3397 461 3444 et
471 3393 516 3444 Ti.
531 3393 596 3445 llaec
606 3405 705 3444 eorum
719 3390 834 3445 crimina
847 3397 1002 3459 exaggerat.

86 3480 216 3532 Utautcm
224 3487 257 3529 ea
266 3474 412 3540 reformet,
419 3474 498 3542 Juxta
507 3474 606 3529 Christi
615 3475 725 3528 Domini
735 3475 889 3542 exemplar,
900 3475 927 3544 i.
939 3477 993 3539 Tit,
1005 3477 1050 3541 il,
1059 3475 1106 3529 25.

50 3560 197 3622 dominicae
208 3572 296 3613 coenae
307 3558 509 3614 institutionem
522 3559 636 3625 scribit,
652 3573 738 3626 quam
749 3559 834 3613 verbo
848 3559 980 3613 docuerat
994 3571 1053 3612 eos.

87 3647 114 3716 j.
129 3646 171 3697 26.
188 3642 345 3698 Corinthios
357 3642 506 3710 alloquitur
521 3642 635 3708 Paulus,
649 3650 681 3697 ut
695 3643 840 3696 attendant
855 3643 894 3696 ad
908 3644 1010 3708 relata,
1024 3647 1052 3695 et
1069 3641 1109 3694 vi·

53 3732 135 3788 deant
145 3724 279 3794 quantiam
290 3725 380 3780 absint
394 3726 411 3782 a
430 3739 509 3781 coena
521 3725 679 3792 dominica,
694 3731 723 3780 et
735 3726 819 3794 quam
835 3727 956 3796 graviter
966 3727 996 3780 in
1008 3725 1109 3782 Christi

55 3817 257 3871 Sacramentum
268 3816 395 3878 peccent.

89 3899 115 3967 p.
128 3899 169 3950 ar.
183 3895 293 3950 transit
304 3893 340 3951 ad
351 3892 473 3967 indigna
483 3889 690 3953 communionis
697 3891 905 3964 enormitatem,
918 3906 1004 3965 quam
1013 3907 1048 3951 ex
1056 3907 1110 3950 su·

57 3981 207 4057 putoribus
216 3977 309 4038 infert.
