<?xml version="1.0" encoding="UTF-8"?>
<!DOCTYPE html PUBLIC "-//W3C//DTD XHTML 1.0 Transitional//EN"
    "http://www.w3.org/TR/xhtml1/DTD/xhtml1-transitional.dtd">
<html xmlns="http://www.w3.org/1999/xhtml" xml:lang="en" lang="en">
 <head>
  <title>
</title>
<meta http-equiv="Content-Type" content="text/html;charset=utf-8" />
  <meta name='ocr-system' content='tesseract 3.04.00' />
  <meta name='ocr-capabilities' content='ocr_page ocr_carea ocr_par ocr_line ocrx_word'/>
</head>
<body>
  <div class='ocr_page' id='page_1' title='image "./epistolarumbpau03berngoog_0108.png"; bbox 0 0 2559 4450; ppageno 0'>
   <div class='ocr_carea' id='block_1_1' title="bbox 283 390 1100 450">
    <p class='ocr_par' dir='ltr' id='par_1_1' title="bbox 283 390 1100 450">
     <span class='ocr_line' id='line_1_1' title="bbox 283 390 1100 450; baseline 0.007 -6"><span class='ocrx_word' id='word_1_1' title='bbox 283 390 451 446; x_wconf 68' lang='lat' dir='ltr'><strong>ruiana!</strong></span> <span class='ocrx_word' id='word_1_2' title='bbox 466 390 691 448; x_wconf 75' lang='lat' dir='ltr'><strong>nxbnsrrlo.</strong></span> <span class='ocrx_word' id='word_1_3' title='bbox 711 393 795 449; x_wconf 74' lang='lat' dir='ltr'><strong>cab.</strong></span> <span class='ocrx_word' id='word_1_4' title='bbox 816 393 865 450; x_wconf 83' lang='lat' dir='ltr'><strong>Vi.</strong></span> <span class='ocrx_word' id='word_1_5' title='bbox 1066 390 1100 450; x_wconf 80' lang='lat' dir='ltr'><strong>ei</strong></span> 
     </span>
    </p>
   </div>
   <div class='ocr_carea' id='block_1_2' title="bbox 45 485 1104 690">
    <p class='ocr_par' dir='ltr' id='par_1_2' title="bbox 45 485 1104 690">
     <span class='ocr_line' id='line_1_2' title="bbox 46 485 1102 552; baseline 0.002 -14"><span class='ocrx_word' id='word_1_6' title='bbox 46 492 160 550; x_wconf 77' lang='lat' dir='ltr'><strong>aterna,</strong></span> <span class='ocrx_word' id='word_1_7' title='bbox 171 485 321 542; x_wconf 67' lang='lat' dir='ltr'><strong>inebriato</strong></span> <span class='ocrx_word' id='word_1_8' title='bbox 335 489 402 543; x_wconf 80' lang='lat' dir='ltr'><strong>iesu</strong></span> <span class='ocrx_word' id='word_1_9' title='bbox 421 491 481 544; x_wconf 82' lang='lat' dir='ltr'><strong>Bo·</strong></span> <span class='ocrx_word' id='word_1_10' title='bbox 502 491 528 538; x_wconf 87' lang='lat' dir='ltr'><strong>et</strong></span> <span class='ocrx_word' id='word_1_11' title='bbox 548 500 617 539; x_wconf 91' lang='lat' dir='ltr'><strong>mors</strong></span> <span class='ocrx_word' id='word_1_12' title='bbox 634 491 728 540; x_wconf 79' lang='lat' dir='ltr'><strong>aeterna</strong></span> <span class='ocrx_word' id='word_1_13' title='bbox 749 507 757 539; x_wconf 73' lang='grc' dir='ltr'><strong>ι</strong></span> <span class='ocrx_word' id='word_1_14' title='bbox 779 487 928 542; x_wconf 80' lang='lat' dir='ltr'><strong>danabrum</strong></span> <span class='ocrx_word' id='word_1_15' title='bbox 943 487 1017 552; x_wconf 79' lang='lat' dir='ltr'><strong>vero,</strong></span> <span class='ocrx_word' id='word_1_16' title='bbox 1035 488 1102 552; x_wconf 82' lang='lat' dir='ltr'><strong>quon</strong></span> 
     </span>
     <span class='ocr_line' id='line_1_3' title="bbox 45 558 1104 621; baseline 0.005 -16"><span class='ocrx_word' id='word_1_17' title='bbox 45 566 233 621; x_wconf 61' lang='lat' dir='ltr'><strong>mmmm,</strong></span> <span class='ocrx_word' id='word_1_18' title='bbox 500 558 753 619; x_wconf 79' lang='lat' dir='ltr'><strong>justo‚senjustitia</strong></span> <span class='ocrx_word' id='word_1_19' title='bbox 764 558 1104 618; x_wconf 80' lang='lat' dir='ltr'><strong>militiastur,estlmmor-</strong></span> 
     </span>
     <span class='ocr_line' id='line_1_4' title="bbox 502 622 1103 690; baseline 0.008 -18"><span class='ocrx_word' id='word_1_20' title='bbox 502 622 585 674; x_wconf 85' lang='lat' dir='ltr'><strong>tallias</strong></span> <span class='ocrx_word' id='word_1_21' title='bbox 597 628 623 674; x_wconf 90' lang='lat' dir='ltr'><strong>ct</strong></span> <span class='ocrx_word' id='word_1_22' title='bbox 632 630 726 674; x_wconf 81' lang='lat' dir='ltr'><strong>aeterna</strong></span> <span class='ocrx_word' id='word_1_23' title='bbox 740 622 846 676; x_wconf 77' lang='lat' dir='ltr'><strong>felicitas</strong></span> <span class='ocrx_word' id='word_1_24' title='bbox 855 663 862 686; x_wconf 94' lang='lat'><strong>,</strong></span> <span class='ocrx_word' id='word_1_25' title='bbox 871 639 948 688; x_wconf 86' lang='lat' dir='ltr'><strong>quam</strong></span> <span class='ocrx_word' id='word_1_26' title='bbox 960 628 1032 676; x_wconf 89' lang='lat' dir='ltr'><strong>nobis</strong></span> <span class='ocrx_word' id='word_1_27' title='bbox 1046 639 1103 690; x_wconf 88' lang='lat' dir='ltr'><strong>pro-</strong></span> 
     </span>
    </p>
   </div>
   <div class='ocr_carea' id='block_1_3' title="bbox 500 693 1102 810">
    <p class='ocr_par' dir='ltr' id='par_1_3' title="bbox 500 693 1102 810">
     <span class='ocr_line' id='line_1_5' title="bbox 500 693 1102 810; baseline 0.01 -69"><span class='ocrx_word' id='word_1_28' title='bbox 500 695 596 810; x_wconf 44' lang='lat' dir='ltr'><strong>infigit</strong></span> <span class='ocrx_word' id='word_1_29' title='bbox 613 697 638 743; x_wconf 87' lang='lat' dir='ltr'><strong>et</strong></span> <span class='ocrx_word' id='word_1_30' title='bbox 658 694 774 758; x_wconf 87' lang='lat' dir='ltr'><strong>promisit</strong></span> <span class='ocrx_word' id='word_1_31' title='bbox 789 693 913 746; x_wconf 77' lang='lat' dir='ltr'><strong>Dominus</strong></span> <span class='ocrx_word' id='word_1_32' title='bbox 929 695 1017 746; x_wconf 82' lang='lat' dir='ltr'><strong>Noster</strong></span> <span class='ocrx_word' id='word_1_33' title='bbox 1030 696 1102 747; x_wconf 85' lang='lat' dir='ltr'><strong>iesus</strong></span> 
     </span>
     <span class='ocr_line' id='line_1_6' title="bbox 552 772 625 810; baseline 0.027 -2"><span class='ocrx_word' id='word_1_34' title='bbox 552 773 561 808; x_wconf 92' lang='grc' dir='ltr'><strong>ι</strong></span> <span class='ocrx_word' id='word_1_35' title='bbox 586 772 625 810; x_wconf 92' lang='lat' dir='ltr'><strong>ns.</strong></span> 
     </span>
    </p>
   </div>
   <div class='ocr_carea' id='block_1_4' title="bbox 43 903 1103 969">
    <p class='ocr_par' dir='ltr' id='par_1_4' title="bbox 43 903 1103 969">
     <span class='ocr_line' id='line_1_7' title="bbox 43 903 1103 969; baseline 0.007 -18"><span class='ocrx_word' id='word_1_36' title='bbox 43 905 99 964; x_wconf 78' lang='lat' dir='ltr'><strong>poia</strong></span> <span class='ocrx_word' id='word_1_37' title='bbox 109 904 197 965; x_wconf 88' lang='lat' dir='ltr'><strong>etipsa</strong></span> <span class='ocrx_word' id='word_1_38' title='bbox 207 903 308 963; x_wconf 79' lang='lat' dir='ltr'><strong>institia</strong></span> <span class='ocrx_word' id='word_1_39' title='bbox 324 904 350 952; x_wconf 89' lang='lat' dir='ltr'><strong>et</strong></span> <span class='ocrx_word' id='word_1_40' title='bbox 364 913 440 965; x_wconf 89' lang='lat' dir='ltr'><strong>opera</strong></span> <span class='ocrx_word' id='word_1_41' title='bbox 453 904 523 964; x_wconf 82' lang='lat' dir='ltr'><strong>iusta</strong></span> <span class='ocrx_word' id='word_1_42' title='bbox 537 903 678 966; x_wconf 85' lang='lat' dir='ltr'><strong>procedunt</strong></span> <span class='ocrx_word' id='word_1_43' title='bbox 692 904 812 966; x_wconf 74' lang='lat' dir='ltr'><strong>igratias</strong></span> <span class='ocrx_word' id='word_1_44' title='bbox 826 907 943 968; x_wconf 88' lang='lat' dir='ltr'><strong>peccator</strong></span> <span class='ocrx_word' id='word_1_45' title='bbox 955 906 1058 969; x_wconf 85' lang='lat' dir='ltr'><strong>quidem</strong></span> <span class='ocrx_word' id='word_1_46' title='bbox 1071 907 1103 959; x_wconf 84' lang='lat' dir='ltr'><strong>ds</strong></span> 
     </span>
    </p>
   </div>
   <div class='ocr_carea' id='block_1_5' title="bbox 33 973 1102 1178">
    <p class='ocr_par' dir='ltr' id='par_1_5' title="bbox 33 973 1102 1178">
     <span class='ocr_line' id='line_1_8' title="bbox 40 973 1102 1035; baseline 0.005 -13"><span class='ocrx_word' id='word_1_47' title='bbox 40 986 86 1022; x_wconf 84' lang='lat' dir='ltr'><strong>suo</strong></span> <span class='ocrx_word' id='word_1_48' title='bbox 100 976 210 1023; x_wconf 78' lang='lat' dir='ltr'><strong>mereins</strong></span> <span class='ocrx_word' id='word_1_49' title='bbox 222 974 537 1034; x_wconf 56' lang='lat' dir='ltr'><strong>aerumnosissimam</strong></span> <span class='ocrx_word' id='word_1_50' title='bbox 550 973 594 1023; x_wconf 91' lang='lat' dir='ltr'><strong>bel</strong></span> <span class='ocrx_word' id='word_1_51' title='bbox 605 973 685 1035; x_wconf 75' lang='lat' dir='ltr'><strong>gratia</strong></span> <span class='ocrx_word' id='word_1_52' title='bbox 696 974 797 1034; x_wconf 81' lang='lat' dir='ltr'><strong>adjutus</strong></span> <span class='ocrx_word' id='word_1_53' title='bbox 807 979 919 1025; x_wconf 86' lang='lat' dir='ltr'><strong>meretur</strong></span> <span class='ocrx_word' id='word_1_54' title='bbox 931 979 1011 1026; x_wconf 85' lang='lat' dir='ltr'><strong>vitam</strong></span> <span class='ocrx_word' id='word_1_55' title='bbox 1028 982 1102 1027; x_wconf 82' lang='lat' dir='ltr'><strong>oeter-</strong></span> 
     </span>
     <span class='ocr_line' id='line_1_9' title="bbox 33 1040 1101 1110; baseline 0.007 -20"><span class='ocrx_word' id='word_1_56' title='bbox 33 1056 108 1093; x_wconf 82' lang='lat' dir='ltr'><strong>nam.</strong></span> <span class='ocrx_word' id='word_1_57' title='bbox 121 1040 267 1104; x_wconf 80' lang='lat' dir='ltr'><strong>loneqnod</strong></span> <span class='ocrx_word' id='word_1_58' title='bbox 276 1044 331 1092; x_wconf 85' lang='lat' dir='ltr'><strong>rita</strong></span> <span class='ocrx_word' id='word_1_59' title='bbox 343 1045 437 1092; x_wconf 78' lang='lat' dir='ltr'><strong>alama</strong></span> <span class='ocrx_word' id='word_1_60' title='bbox 446 1046 484 1092; x_wconf 87' lang='lat' dir='ltr'><strong>ast</strong></span> <span class='ocrx_word' id='word_1_61' title='bbox 496 1055 593 1093; x_wconf 84' lang='lat' dir='ltr'><strong>merces</strong></span> <span class='ocrx_word' id='word_1_62' title='bbox 602 1044 720 1105; x_wconf 85' lang='lat' dir='ltr'><strong>quidem,</strong></span> <span class='ocrx_word' id='word_1_63' title='bbox 732 1046 790 1106; x_wconf 82' lang='lat' dir='ltr'><strong>quis</strong></span> <span class='ocrx_word' id='word_1_64' title='bbox 802 1044 930 1107; x_wconf 79' lang='lat' dir='ltr'><strong>natur-pro</strong></span> <span class='ocrx_word' id='word_1_65' title='bbox 941 1045 1006 1095; x_wconf 90' lang='lat' dir='ltr'><strong>bono</strong></span> <span class='ocrx_word' id='word_1_66' title='bbox 1018 1058 1101 1110; x_wconf 83' lang='lat' dir='ltr'><strong>opers;</strong></span> 
     </span>
     <span class='ocr_line' id='line_1_10' title="bbox 40 1112 1018 1178; baseline 0.003 -16"><span class='ocrx_word' id='word_1_67' title='bbox 40 1118 77 1162; x_wconf 89' lang='lat' dir='ltr'><strong>est</strong></span> <span class='ocrx_word' id='word_1_68' title='bbox 91 1112 149 1162; x_wconf 84' lang='lat' dir='ltr'><strong>rerb</strong></span> <span class='ocrx_word' id='word_1_69' title='bbox 160 1115 254 1175; x_wconf 80' lang='lat' dir='ltr'><strong>gralia,</strong></span> <span class='ocrx_word' id='word_1_70' title='bbox 270 1115 330 1175; x_wconf 85' lang='lat' dir='ltr'><strong>quia</strong></span> <span class='ocrx_word' id='word_1_71' title='bbox 345 1125 442 1164; x_wconf 87' lang='lat' dir='ltr'><strong>merces</strong></span> <span class='ocrx_word' id='word_1_72' title='bbox 451 1116 489 1164; x_wconf 91' lang='lat' dir='ltr'><strong>est</strong></span> <span class='ocrx_word' id='word_1_73' title='bbox 500 1113 599 1164; x_wconf 74' lang='lat' dir='ltr'><strong>infinite</strong></span> <span class='ocrx_word' id='word_1_74' title='bbox 609 1113 732 1164; x_wconf 75' lang='lat' dir='ltr'><strong>mesdeus</strong></span> <span class='ocrx_word' id='word_1_75' title='bbox 746 1126 822 1164; x_wconf 87' lang='lat' dir='ltr'><strong>omne</strong></span> <span class='ocrx_word' id='word_1_76' title='bbox 836 1115 933 1164; x_wconf 90' lang='lat' dir='ltr'><strong>bonum</strong></span> <span class='ocrx_word' id='word_1_77' title='bbox 946 1127 1018 1178; x_wconf 87' lang='lat' dir='ltr'><strong>opus.</strong></span> 
     </span>
    </p>
   </div>
   <div class='ocr_carea' id='block_1_6' title="bbox 43 1206 1101 1347">
    <p class='ocr_par' dir='ltr' id='par_1_6' title="bbox 43 1206 1101 1347">
     <span class='ocr_line' id='line_1_11' title="bbox 43 1206 1101 1282; baseline 0.002 -19"><span class='ocrx_word' id='word_1_78' title='bbox 43 1210 210 1263; x_wconf 79' lang='lat' dir='ltr'><strong>Corollarium</strong></span> <span class='ocrx_word' id='word_1_79' title='bbox 224 1210 344 1282; x_wconf 72' lang='lat' dir='ltr'><strong>pietctb,</strong></span> <span class='ocrx_word' id='word_1_80' title='bbox 356 1225 400 1262; x_wconf 81' lang='lat' dir='ltr'><strong>seu</strong></span> <span class='ocrx_word' id='word_1_81' title='bbox 417 1206 502 1261; x_wconf 72' lang='lat' dir='ltr'><strong>ic&#39;isoc</strong></span> <span class='ocrx_word' id='word_1_82' title='bbox 518 1212 603 1275; x_wconf 80' lang='lat' dir='ltr'><strong>copiis</strong></span> <span class='ocrx_word' id='word_1_83' title='bbox 615 1213 650 1262; x_wconf 74' lang='lat' dir='ltr'><strong>cri</strong></span> <span class='ocrx_word' id='word_1_84' title='bbox 661 1213 780 1275; x_wconf 84' lang='lat' dir='ltr'><strong>pietatem</strong></span> <span class='ocrx_word' id='word_1_85' title='bbox 790 1210 899 1263; x_wconf 71' lang='lat' dir='ltr'><strong>maximi</strong></span> <span class='ocrx_word' id='word_1_86' title='bbox 909 1214 1035 1274; x_wconf 78' lang='lat' dir='ltr'><strong>colando,</strong></span> <span class='ocrx_word' id='word_1_87' title='bbox 1043 1219 1065 1265; x_wconf 84' lang='lat' dir='ltr'><strong>et</strong></span> <span class='ocrx_word' id='word_1_88' title='bbox 1074 1215 1101 1266; x_wconf 82' lang='lat' dir='ltr'><strong>iss</strong></span> 
     </span>
     <span class='ocr_line' id='line_1_12' title="bbox 435 1283 701 1347; baseline 0.008 -15"><span class='ocrx_word' id='word_1_89' title='bbox 435 1283 540 1346; x_wconf 73' lang='lat' dir='ltr'><strong>praxim</strong></span> <span class='ocrx_word' id='word_1_90' title='bbox 556 1284 701 1347; x_wconf 78' lang='lat' dir='ltr'><strong>redipeudn.</strong></span> 
     </span>
    </p>
   </div>
   <div class='ocr_carea' id='block_1_7' title="bbox 35 1377 1154 4158">
    <p class='ocr_par' dir='ltr' id='par_1_7' title="bbox 38 1377 1102 1652">
     <span class='ocr_line' id='line_1_13' title="bbox 69 1377 1101 1443; baseline 0.002 -13"><span class='ocrx_word' id='word_1_91' title='bbox 69 1382 157 1432; x_wconf 82' lang='grc' dir='ltr'><strong>Ριιιιι.</strong></span> <span class='ocrx_word' id='word_1_92' title='bbox 170 1380 279 1430; x_wconf 86' lang='lat' dir='ltr'><strong>-Nota</strong></span> <span class='ocrx_word' id='word_1_93' title='bbox 293 1377 437 1428; x_wconf 89' lang='lat' dir='ltr'><strong>mirabilem</strong></span> <span class='ocrx_word' id='word_1_94' title='bbox 456 1379 593 1430; x_wconf 86' lang='lat' dir='ltr'><strong>Christiani</strong></span> <span class='ocrx_word' id='word_1_95' title='bbox 611 1392 672 1430; x_wconf 90' lang='lat' dir='ltr'><strong>cum</strong></span> <span class='ocrx_word' id='word_1_96' title='bbox 688 1379 787 1442; x_wconf 83' lang='lat' dir='ltr'><strong>Christo</strong></span> <span class='ocrx_word' id='word_1_97' title='bbox 801 1393 845 1443; x_wconf 86' lang='lat' dir='ltr'><strong>per</strong></span> <span class='ocrx_word' id='word_1_98' title='bbox 856 1381 1010 1443; x_wconf 86' lang='lat' dir='ltr'><strong>baptismum</strong></span> <span class='ocrx_word' id='word_1_99' title='bbox 1029 1395 1101 1432; x_wconf 88' lang='lat' dir='ltr'><strong>com·</strong></span> 
     </span>
     <span class='ocr_line' id='line_1_14' title="bbox 38 1446 1102 1512; baseline 0 -12"><span class='ocrx_word' id='word_1_100' title='bbox 38 1453 198 1511; x_wconf 68' lang='lat' dir='ltr'><strong>munionem</strong></span> <span class='ocrx_word' id='word_1_101' title='bbox 210 1450 380 1508; x_wconf 79' lang='lat' dir='ltr'><strong>commortui,</strong></span> <span class='ocrx_word' id='word_1_102' title='bbox 394 1448 572 1508; x_wconf 76' lang='lat' dir='ltr'><strong>concrucifixi,</strong></span> <span class='ocrx_word' id='word_1_103' title='bbox 583 1446 724 1510; x_wconf 88' lang='lat' dir='ltr'><strong>consepulti</strong></span> <span class='ocrx_word' id='word_1_104' title='bbox 735 1485 741 1509; x_wconf 98' lang='lat'><strong>,</strong></span> <span class='ocrx_word' id='word_1_105' title='bbox 754 1449 932 1512; x_wconf 84' lang='lat' dir='ltr'><strong>complantati,</strong></span> <span class='ocrx_word' id='word_1_106' title='bbox 945 1453 1102 1501; x_wconf 87' lang='lat' dir='ltr'><strong>conresusci-</strong></span> 
     </span>
     <span class='ocr_line' id='line_1_15' title="bbox 38 1515 1100 1583; baseline 0.003 -16"><span class='ocrx_word' id='word_1_107' title='bbox 38 1523 81 1569; x_wconf 89' lang='lat' dir='ltr'><strong>tati</strong></span> <span class='ocrx_word' id='word_1_108' title='bbox 92 1558 99 1580; x_wconf 90' lang='lat'><strong>,</strong></span> <span class='ocrx_word' id='word_1_109' title='bbox 111 1522 287 1578; x_wconf 70' lang='lat' dir='ltr'><strong>conviventes,</strong></span> <span class='ocrx_word' id='word_1_110' title='bbox 300 1516 480 1578; x_wconf 80' lang='lat' dir='ltr'><strong>conglorificati</strong></span> <span class='ocrx_word' id='word_1_111' title='bbox 490 1530 589 1566; x_wconf 92' lang='lat' dir='ltr'><strong>sumus.</strong></span> <span class='ocrx_word' id='word_1_112' title='bbox 603 1517 636 1566; x_wconf 86' lang='lat' dir='ltr'><strong>Bt</strong></span> <span class='ocrx_word' id='word_1_113' title='bbox 646 1515 701 1567; x_wconf 75' lang='lat' dir='ltr'><strong>hac</strong></span> <span class='ocrx_word' id='word_1_114' title='bbox 717 1520 803 1568; x_wconf 82' lang='lat' dir='ltr'><strong>omnia</strong></span> <span class='ocrx_word' id='word_1_115' title='bbox 814 1518 908 1580; x_wconf 88' lang='lat' dir='ltr'><strong>triplici</strong></span> <span class='ocrx_word' id='word_1_116' title='bbox 918 1518 993 1570; x_wconf 87' lang='lat' dir='ltr'><strong>modo</strong></span> <span class='ocrx_word' id='word_1_117' title='bbox 1005 1531 1013 1568; x_wconf 84' lang='grc' dir='ltr'><strong>ι</strong></span> <span class='ocrx_word' id='word_1_118' title='bbox 1026 1523 1100 1583; x_wconf 76' lang='lat' dir='ltr'><strong>typo,</strong></span> 
     </span>
     <span class='ocr_line' id='line_1_16' title="bbox 38 1588 405 1652; baseline -0.005 -15"><span class='ocrx_word' id='word_1_119' title='bbox 38 1591 243 1652; x_wconf 85' lang='lat' dir='ltr'><strong>participatione,</strong></span> <span class='ocrx_word' id='word_1_120' title='bbox 252 1588 405 1637; x_wconf 72' lang='lat' dir='ltr'><strong>imitatione.</strong></span> 
     </span>
    </p>

    <p class='ocr_par' dir='ltr' id='par_1_8' title="bbox 37 1657 1101 2070">
     <span class='ocr_line' id='line_1_17' title="bbox 69 1657 1101 1722; baseline 0.002 -14"><span class='ocrx_word' id='word_1_121' title='bbox 69 1666 92 1708; x_wconf 75' lang='grc' dir='ltr'><strong>ιο</strong></span> <span class='ocrx_word' id='word_1_122' title='bbox 103 1661 247 1722; x_wconf 76' lang='lat' dir='ltr'><strong>Baptismus</strong></span> <span class='ocrx_word' id='word_1_123' title='bbox 260 1661 337 1720; x_wconf 82' lang='lat' dir='ltr'><strong>typus</strong></span> <span class='ocrx_word' id='word_1_124' title='bbox 354 1660 408 1716; x_wconf 87' lang='lat' dir='ltr'><strong>est,</strong></span> <span class='ocrx_word' id='word_1_125' title='bbox 420 1658 446 1706; x_wconf 85' lang='lat' dir='ltr'><strong>ct</strong></span> <span class='ocrx_word' id='word_1_126' title='bbox 460 1659 647 1718; x_wconf 82' lang='lat' dir='ltr'><strong>repr-assentatio</strong></span> <span class='ocrx_word' id='word_1_127' title='bbox 659 1660 764 1719; x_wconf 91' lang='lat' dir='ltr'><strong>mortis,</strong></span> <span class='ocrx_word' id='word_1_128' title='bbox 776 1661 801 1708; x_wconf 88' lang='lat' dir='ltr'><strong>et</strong></span> <span class='ocrx_word' id='word_1_129' title='bbox 817 1657 966 1720; x_wconf 81' lang='lat' dir='ltr'><strong>sepultura,</strong></span> <span class='ocrx_word' id='word_1_130' title='bbox 979 1662 1004 1709; x_wconf 91' lang='lat' dir='ltr'><strong>et</strong></span> <span class='ocrx_word' id='word_1_131' title='bbox 1015 1673 1101 1710; x_wconf 86' lang='lat' dir='ltr'><strong>resur-</strong></span> 
     </span>
     <span class='ocr_line' id='line_1_18' title="bbox 37 1724 1101 1788; baseline 0.002 -10"><span class='ocrx_word' id='word_1_132' title='bbox 37 1731 153 1779; x_wconf 84' lang='lat' dir='ltr'><strong>rectionis</strong></span> <span class='ocrx_word' id='word_1_133' title='bbox 170 1728 230 1777; x_wconf 82' lang='lat' dir='ltr'><strong>iesu</strong></span> <span class='ocrx_word' id='word_1_134' title='bbox 250 1726 343 1776; x_wconf 85' lang='lat' dir='ltr'><strong>Christi</strong></span> <span class='ocrx_word' id='word_1_135' title='bbox 366 1725 466 1775; x_wconf 82' lang='lat' dir='ltr'><strong>Domini</strong></span> <span class='ocrx_word' id='word_1_136' title='bbox 485 1727 574 1774; x_wconf 88' lang='lat' dir='ltr'><strong>nostri.</strong></span> <span class='ocrx_word' id='word_1_137' title='bbox 595 1724 681 1775; x_wconf 87' lang='lat' dir='ltr'><strong>biortis</strong></span> <span class='ocrx_word' id='word_1_138' title='bbox 698 1726 819 1788; x_wconf 77' lang='lat' dir='ltr'><strong>quidem,</strong></span> <span class='ocrx_word' id='word_1_139' title='bbox 832 1729 892 1788; x_wconf 76' lang='lat' dir='ltr'><strong>qnia</strong></span> <span class='ocrx_word' id='word_1_140' title='bbox 904 1730 971 1778; x_wconf 89' lang='lat' dir='ltr'><strong>sicut</strong></span> <span class='ocrx_word' id='word_1_141' title='bbox 986 1729 1101 1780; x_wconf 84' lang='lat' dir='ltr'><strong>Gbrlstus</strong></span> 
     </span>
     <span class='ocr_line' id='line_1_19' title="bbox 38 1793 1101 1861; baseline 0.001 -14"><span class='ocrx_word' id='word_1_142' title='bbox 38 1804 115 1847; x_wconf 87' lang='lat' dir='ltr'><strong>morte</strong></span> <span class='ocrx_word' id='word_1_143' title='bbox 128 1795 253 1861; x_wconf 89' lang='lat' dir='ltr'><strong>corporali</strong></span> <span class='ocrx_word' id='word_1_144' title='bbox 265 1799 382 1845; x_wconf 88' lang='lat' dir='ltr'><strong>mortuns</strong></span> <span class='ocrx_word' id='word_1_145' title='bbox 391 1793 467 1844; x_wconf 88' lang='lat' dir='ltr'><strong>cstob</strong></span> <span class='ocrx_word' id='word_1_146' title='bbox 478 1796 582 1856; x_wconf 85' lang='lat' dir='ltr'><strong>peccata</strong></span> <span class='ocrx_word' id='word_1_147' title='bbox 594 1797 694 1856; x_wconf 75' lang='lat' dir='ltr'><strong>nostra,</strong></span> <span class='ocrx_word' id='word_1_148' title='bbox 704 1797 741 1846; x_wconf 91' lang='lat' dir='ltr'><strong>sie</strong></span> <span class='ocrx_word' id='word_1_149' title='bbox 756 1798 780 1846; x_wconf 90' lang='lat' dir='ltr'><strong>et</strong></span> <span class='ocrx_word' id='word_1_150' title='bbox 790 1808 836 1846; x_wconf 87' lang='lat' dir='ltr'><strong>nos</strong></span> <span class='ocrx_word' id='word_1_151' title='bbox 847 1797 875 1846; x_wconf 86' lang='lat' dir='ltr'><strong>in</strong></span> <span class='ocrx_word' id='word_1_152' title='bbox 884 1797 1008 1860; x_wconf 86' lang='lat' dir='ltr'><strong>baptismo</strong></span> <span class='ocrx_word' id='word_1_153' title='bbox 1018 1803 1101 1850; x_wconf 88' lang='lat' dir='ltr'><strong>morte</strong></span> 
     </span>
     <span class='ocr_line' id='line_1_20' title="bbox 38 1863 1100 1930; baseline -0.002 -12"><span class='ocrx_word' id='word_1_154' title='bbox 38 1867 141 1930; x_wconf 85' lang='lat' dir='ltr'><strong>spiritaii</strong></span> <span class='ocrx_word' id='word_1_155' title='bbox 160 1867 287 1915; x_wconf 87' lang='lat' dir='ltr'><strong>morimur</strong></span> <span class='ocrx_word' id='word_1_156' title='bbox 304 1864 423 1926; x_wconf 86' lang='lat' dir='ltr'><strong>peccato,</strong></span> <span class='ocrx_word' id='word_1_157' title='bbox 433 1864 492 1911; x_wconf 90' lang='lat' dir='ltr'><strong>tum</strong></span> <span class='ocrx_word' id='word_1_158' title='bbox 507 1873 552 1924; x_wconf 88' lang='lat' dir='ltr'><strong>per</strong></span> <span class='ocrx_word' id='word_1_159' title='bbox 566 1863 688 1922; x_wconf 82' lang='lat' dir='ltr'><strong>virtulem</strong></span> <span class='ocrx_word' id='word_1_160' title='bbox 701 1867 726 1912; x_wconf 93' lang='lat' dir='ltr'><strong>et</strong></span> <span class='ocrx_word' id='word_1_161' title='bbox 744 1863 882 1914; x_wconf 82' lang='lat' dir='ltr'><strong>efficaciam</strong></span> <span class='ocrx_word' id='word_1_162' title='bbox 899 1865 1032 1928; x_wconf 85' lang='lat' dir='ltr'><strong>baptismi;</strong></span> <span class='ocrx_word' id='word_1_163' title='bbox 1044 1871 1100 1917; x_wconf 88' lang='lat' dir='ltr'><strong>tum</strong></span> 
     </span>
     <span class='ocr_line' id='line_1_21' title="bbox 38 1931 1101 2000; baseline 0.002 -14"><span class='ocrx_word' id='word_1_164' title='bbox 38 1952 77 2000; x_wconf 79' lang='lat' dir='ltr'><strong>par</strong></span> <span class='ocrx_word' id='word_1_165' title='bbox 89 1940 205 1988; x_wconf 87' lang='lat' dir='ltr'><strong>nostram</strong></span> <span class='ocrx_word' id='word_1_166' title='bbox 217 1935 317 1985; x_wconf 77' lang='lat' dir='ltr'><strong>Satanae</strong></span> <span class='ocrx_word' id='word_1_167' title='bbox 334 1934 360 1983; x_wconf 90' lang='lat' dir='ltr'><strong>et</strong></span> <span class='ocrx_word' id='word_1_168' title='bbox 371 1934 476 1996; x_wconf 64' lang='lat' dir='ltr'><strong>macuto</strong></span> <span class='ocrx_word' id='word_1_169' title='bbox 487 1931 736 1984; x_wconf 82' lang='lat' dir='ltr'><strong>abrenuntiationem</strong></span> <span class='ocrx_word' id='word_1_170' title='bbox 746 1953 754 1996; x_wconf 88' lang='lat'>;</span> <span class='ocrx_word' id='word_1_171' title='bbox 768 1937 823 1984; x_wconf 88' lang='lat' dir='ltr'><strong>tum</strong></span> <span class='ocrx_word' id='word_1_172' title='bbox 842 1947 887 1997; x_wconf 89' lang='lat' dir='ltr'><strong>per</strong></span> <span class='ocrx_word' id='word_1_173' title='bbox 898 1939 1015 1986; x_wconf 86' lang='lat' dir='ltr'><strong>sanctum</strong></span> <span class='ocrx_word' id='word_1_174' title='bbox 1028 1949 1101 1988; x_wconf 78' lang='lat' dir='ltr'><strong>norm</strong></span> 
     </span>
     <span class='ocr_line' id='line_1_22' title="bbox 39 2008 274 2070; baseline -0.009 -14"><span class='ocrx_word' id='word_1_175' title='bbox 39 2012 91 2059; x_wconf 81' lang='lat' dir='ltr'><strong>rilae</strong></span> <span class='ocrx_word' id='word_1_176' title='bbox 136 2008 274 2070; x_wconf 85' lang='lat' dir='ltr'><strong>oposimm.</strong></span> 
     </span>
    </p>

    <p class='ocr_par' dir='ltr' id='par_1_9' title="bbox 38 2021 1101 2208">
     <span class='ocr_line' id='line_1_23' title="bbox 65 2021 1101 2142; baseline 0 -14"><span class='ocrx_word' id='word_1_177' title='bbox 65 2021 280 2141; x_wconf 53' lang='lat' dir='ltr'><strong>seplirrltnrmrcrb</strong></span> <span class='ocrx_word' id='word_1_178' title='bbox 294 2076 354 2136; x_wconf 81' lang='lat' dir='ltr'><strong>qula</strong></span> <span class='ocrx_word' id='word_1_179' title='bbox 372 2075 502 2142; x_wconf 84' lang='lat' dir='ltr'><strong>corpusin</strong></span> <span class='ocrx_word' id='word_1_180' title='bbox 512 2073 637 2136; x_wconf 88' lang='lat' dir='ltr'><strong>baptismo</strong></span> <span class='ocrx_word' id='word_1_181' title='bbox 652 2076 691 2124; x_wconf 88' lang='lat' dir='ltr'><strong>ter</strong></span> <span class='ocrx_word' id='word_1_182' title='bbox 704 2073 948 2135; x_wconf 87' lang='lat' dir='ltr'><strong>aquisimmcrsum‚</strong></span> <span class='ocrx_word' id='word_1_183' title='bbox 962 2087 1101 2138; x_wconf 79' lang='lat' dir='ltr'><strong>repausen-</strong></span> 
     </span>
     <span class='ocr_line' id='line_1_24' title="bbox 38 2142 654 2208; baseline -0.01 -11"><span class='ocrx_word' id='word_1_184' title='bbox 38 2152 71 2197; x_wconf 88' lang='lat' dir='ltr'><strong>tat</strong></span> <span class='ocrx_word' id='word_1_185' title='bbox 81 2147 178 2198; x_wconf 85' lang='lat' dir='ltr'><strong>Cbrisli</strong></span> <span class='ocrx_word' id='word_1_186' title='bbox 188 2157 280 2208; x_wconf 89' lang='lat' dir='ltr'><strong>corpus</strong></span> <span class='ocrx_word' id='word_1_187' title='bbox 295 2147 324 2194; x_wconf 89' lang='lat' dir='ltr'><strong>in</strong></span> <span class='ocrx_word' id='word_1_188' title='bbox 335 2147 403 2194; x_wconf 81' lang='lat' dir='ltr'><strong>terra</strong></span> <span class='ocrx_word' id='word_1_189' title='bbox 420 2143 505 2193; x_wconf 82' lang='lat' dir='ltr'><strong>triduo</strong></span> <span class='ocrx_word' id='word_1_190' title='bbox 516 2142 654 2206; x_wconf 84' lang='lat' dir='ltr'><strong>sepultum.</strong></span> 
     </span>
    </p>

    <p class='ocr_par' dir='ltr' id='par_1_10' title="bbox 38 2212 1100 2350">
     <span class='ocr_line' id='line_1_25' title="bbox 64 2212 1100 2275; baseline -0.002 -6"><span class='ocrx_word' id='word_1_191' title='bbox 64 2216 264 2269; x_wconf 80' lang='lat' dir='ltr'><strong>Besnmoctionis</strong></span> <span class='ocrx_word' id='word_1_192' title='bbox 274 2218 377 2275; x_wconf 86' lang='lat' dir='ltr'><strong>autem,</strong></span> <span class='ocrx_word' id='word_1_193' title='bbox 394 2215 468 2272; x_wconf 82' lang='lat' dir='ltr'><strong>cujus</strong></span> <span class='ocrx_word' id='word_1_194' title='bbox 481 2212 618 2273; x_wconf 78' lang='lat' dir='ltr'><strong>imaginem</strong></span> <span class='ocrx_word' id='word_1_195' title='bbox 633 2212 697 2273; x_wconf 81' lang='lat' dir='ltr'><strong>gerit</strong></span> <span class='ocrx_word' id='word_1_196' title='bbox 706 2223 797 2275; x_wconf 88' lang='lat' dir='ltr'><strong>corpus</strong></span> <span class='ocrx_word' id='word_1_197' title='bbox 807 2212 863 2274; x_wconf 87' lang='lat' dir='ltr'><strong>post</strong></span> <span class='ocrx_word' id='word_1_198' title='bbox 872 2212 1060 2265; x_wconf 86' lang='lat' dir='ltr'><strong>immersionem</strong></span> <span class='ocrx_word' id='word_1_199' title='bbox 1070 2228 1100 2267; x_wconf 82' lang='lat' dir='ltr'><strong>ex</strong></span> 
     </span>
     <span class='ocr_line' id='line_1_26' title="bbox 38 2283 674 2350; baseline -0.011 -12"><span class='ocrx_word' id='word_1_200' title='bbox 38 2290 153 2350; x_wconf 86' lang='lat' dir='ltr'><strong>aqua,in</strong></span> <span class='ocrx_word' id='word_1_201' title='bbox 167 2298 261 2337; x_wconf 78' lang='lat' dir='ltr'><strong>noram</strong></span> <span class='ocrx_word' id='word_1_202' title='bbox 271 2288 351 2336; x_wconf 81' lang='lat' dir='ltr'><strong>vitam</strong></span> <span class='ocrx_word' id='word_1_203' title='bbox 361 2296 502 2346; x_wconf 80' lang='lat' dir='ltr'><strong>resurgens.</strong></span> <span class='ocrx_word' id='word_1_204' title='bbox 517 2283 579 2333; x_wconf 81' lang='lat' dir='ltr'><strong>Vide</strong></span> <span class='ocrx_word' id='word_1_205' title='bbox 590 2296 617 2331; x_wconf 92' lang='lat' dir='ltr'><strong>n.</strong></span> <span class='ocrx_word' id='word_1_206' title='bbox 632 2285 674 2333; x_wconf 59' lang='lat' dir='ltr'><strong>tc</strong></span> 
     </span>
    </p>

    <p class='ocr_par' dir='ltr' id='par_1_11' title="bbox 37 2349 1099 2552">
     <span class='ocr_line' id='line_1_27' title="bbox 64 2349 1098 2423; baseline -0.001 -15"><span class='ocrx_word' id='word_1_207' title='bbox 64 2363 90 2408; x_wconf 76' lang='lat'><strong>2⁰</strong></span> <span class='ocrx_word' id='word_1_208' title='bbox 104 2359 251 2420; x_wconf 81' lang='lat' dir='ltr'><strong>Baptismus</strong></span> <span class='ocrx_word' id='word_1_209' title='bbox 261 2359 300 2405; x_wconf 86' lang='lat' dir='ltr'><strong>cst</strong></span> <span class='ocrx_word' id='word_1_210' title='bbox 310 2354 468 2417; x_wconf 86' lang='lat' dir='ltr'><strong>participatio</strong></span> <span class='ocrx_word' id='word_1_211' title='bbox 482 2353 585 2411; x_wconf 88' lang='lat' dir='ltr'><strong>mortis,</strong></span> <span class='ocrx_word' id='word_1_212' title='bbox 598 2349 782 2413; x_wconf 78' lang='lat' dir='ltr'><strong>sepuitnrae,ct</strong></span> <span class='ocrx_word' id='word_1_213' title='bbox 796 2354 987 2403; x_wconf 82' lang='lat' dir='ltr'><strong>rcsumectionis</strong></span> <span class='ocrx_word' id='word_1_214' title='bbox 995 2354 1098 2423; x_wconf 70' lang='lat' dir='ltr'><strong>Christi,</strong></span> 
     </span>
     <span class='ocr_line' id='line_1_28' title="bbox 37 2418 1099 2485; baseline 0.002 -12"><span class='ocrx_word' id='word_1_215' title='bbox 37 2427 108 2475; x_wconf 81' lang='lat' dir='ltr'><strong>allicit</strong></span> <span class='ocrx_word' id='word_1_216' title='bbox 119 2425 145 2474; x_wconf 78' lang='lat' dir='ltr'><strong>iri</strong></span> <span class='ocrx_word' id='word_1_217' title='bbox 156 2424 224 2485; x_wconf 85' lang='lat' dir='ltr'><strong>quod</strong></span> <span class='ocrx_word' id='word_1_218' title='bbox 237 2420 378 2484; x_wconf 72' lang='lat' dir='ltr'><strong>significat:</strong></span> <span class='ocrx_word' id='word_1_219' title='bbox 395 2421 505 2483; x_wconf 89' lang='lat' dir='ltr'><strong>applicat</strong></span> <span class='ocrx_word' id='word_1_220' title='bbox 516 2419 588 2468; x_wconf 88' lang='lat' dir='ltr'><strong>nobis</strong></span> <span class='ocrx_word' id='word_1_221' title='bbox 598 2418 715 2481; x_wconf 77' lang='lat' dir='ltr'><strong>biystsria</strong></span> <span class='ocrx_word' id='word_1_222' title='bbox 725 2431 781 2480; x_wconf 81' lang='lat' dir='ltr'><strong>qun</strong></span> <span class='ocrx_word' id='word_1_223' title='bbox 791 2424 953 2481; x_wconf 75' lang='lat' dir='ltr'><strong>repraesentat</strong></span> <span class='ocrx_word' id='word_1_224' title='bbox 962 2441 969 2483; x_wconf 64' lang='grc' dir='ltr'>ς</span> <span class='ocrx_word' id='word_1_225' title='bbox 982 2424 1099 2485; x_wconf 78' lang='lat' dir='ltr'><strong>producit</strong></span> 
     </span>
     <span class='ocr_line' id='line_1_29' title="bbox 37 2488 884 2552; baseline -0.008 -7"><span class='ocrx_word' id='word_1_226' title='bbox 37 2497 60 2544; x_wconf 89' lang='lat' dir='ltr'><strong>in</strong></span> <span class='ocrx_word' id='word_1_227' title='bbox 72 2496 148 2544; x_wconf 90' lang='lat' dir='ltr'><strong>nobis</strong></span> <span class='ocrx_word' id='word_1_228' title='bbox 159 2494 267 2543; x_wconf 72' lang='lat' dir='ltr'><strong>effecius</strong></span> <span class='ocrx_word' id='word_1_229' title='bbox 276 2492 379 2551; x_wconf 88' lang='lat' dir='ltr'><strong>mortis,</strong></span> <span class='ocrx_word' id='word_1_230' title='bbox 396 2488 531 2552; x_wconf 74' lang='lat' dir='ltr'><strong>sepulture</strong></span> <span class='ocrx_word' id='word_1_231' title='bbox 541 2492 567 2538; x_wconf 91' lang='lat' dir='ltr'><strong>ei</strong></span> <span class='ocrx_word' id='word_1_232' title='bbox 579 2489 773 2538; x_wconf 85' lang='lat' dir='ltr'><strong>resurrectionis</strong></span> <span class='ocrx_word' id='word_1_233' title='bbox 781 2488 884 2539; x_wconf 83' lang='lat' dir='ltr'><strong>Christi.</strong></span> 
     </span>
    </p>

    <p class='ocr_par' dir='ltr' id='par_1_12' title="bbox 36 2557 1099 2835">
     <span class='ocr_line' id='line_1_30' title="bbox 63 2557 1099 2625; baseline 0 -12"><span class='ocrx_word' id='word_1_234' title='bbox 63 2566 168 2614; x_wconf 85' lang='lat' dir='ltr'><strong>biortem</strong></span> <span class='ocrx_word' id='word_1_235' title='bbox 181 2563 275 2613; x_wconf 84' lang='lat' dir='ltr'><strong>Christi</strong></span> <span class='ocrx_word' id='word_1_236' title='bbox 284 2561 357 2612; x_wconf 85' lang='lat' dir='ltr'><strong>nobis</strong></span> <span class='ocrx_word' id='word_1_237' title='bbox 367 2562 405 2609; x_wconf 89' lang='lat' dir='ltr'><strong>sic</strong></span> <span class='ocrx_word' id='word_1_238' title='bbox 422 2558 548 2623; x_wconf 87' lang='lat' dir='ltr'><strong>applicat,</strong></span> <span class='ocrx_word' id='word_1_239' title='bbox 562 2562 592 2607; x_wconf 92' lang='lat' dir='ltr'><strong>nt</strong></span> <span class='ocrx_word' id='word_1_240' title='bbox 602 2558 646 2607; x_wconf 88' lang='lat' dir='ltr'><strong>illa</strong></span> <span class='ocrx_word' id='word_1_241' title='bbox 655 2557 700 2607; x_wconf 87' lang='lat' dir='ltr'><strong>iiat</strong></span> <span class='ocrx_word' id='word_1_242' title='bbox 711 2559 783 2618; x_wconf 81' lang='lat' dir='ltr'><strong>quasi</strong></span> <span class='ocrx_word' id='word_1_243' title='bbox 794 2560 879 2607; x_wconf 85' lang='lat' dir='ltr'><strong>nostra</strong></span> <span class='ocrx_word' id='word_1_244' title='bbox 890 2578 897 2619; x_wconf 89' lang='lat'>;</span> <span class='ocrx_word' id='word_1_245' title='bbox 911 2562 983 2620; x_wconf 76' lang='lat' dir='ltr'><strong>qnasi</strong></span> <span class='ocrx_word' id='word_1_246' title='bbox 993 2564 1099 2625; x_wconf 87' lang='lat' dir='ltr'><strong>nosipsi</strong></span> 
     </span>
     <span class='ocr_line' id='line_1_31' title="bbox 36 2626 1098 2696; baseline -0.001 -14"><span class='ocrx_word' id='word_1_247' title='bbox 36 2633 103 2683; x_wconf 83' lang='lat' dir='ltr'><strong>illam</strong></span> <span class='ocrx_word' id='word_1_248' title='bbox 119 2635 189 2696; x_wconf 83' lang='lat' dir='ltr'><strong>passi</strong></span> <span class='ocrx_word' id='word_1_249' title='bbox 198 2634 300 2681; x_wconf 73' lang='lat' dir='ltr'><strong>simus-2</strong></span> <span class='ocrx_word' id='word_1_250' title='bbox 314 2632 340 2679; x_wconf 88' lang='lat' dir='ltr'><strong>ct</strong></span> <span class='ocrx_word' id='word_1_251' title='bbox 350 2641 395 2691; x_wconf 88' lang='lat' dir='ltr'><strong>per</strong></span> <span class='ocrx_word' id='word_1_252' title='bbox 405 2629 473 2679; x_wconf 86' lang='lat' dir='ltr'><strong>banc</strong></span> <span class='ocrx_word' id='word_1_253' title='bbox 483 2630 588 2689; x_wconf 86' lang='lat' dir='ltr'><strong>mortis,</strong></span> <span class='ocrx_word' id='word_1_254' title='bbox 602 2626 803 2689; x_wconf 76' lang='lat' dir='ltr'><strong>quemchristus</strong></span> <span class='ocrx_word' id='word_1_255' title='bbox 812 2640 858 2691; x_wconf 91' lang='lat' dir='ltr'><strong>pro</strong></span> <span class='ocrx_word' id='word_1_256' title='bbox 871 2629 943 2680; x_wconf 86' lang='lat' dir='ltr'><strong>nobis</strong></span> <span class='ocrx_word' id='word_1_257' title='bbox 954 2643 1041 2693; x_wconf 84' lang='lat' dir='ltr'><strong>passus</strong></span> <span class='ocrx_word' id='word_1_258' title='bbox 1051 2637 1098 2692; x_wconf 88' lang='lat' dir='ltr'><strong>est,</strong></span> 
     </span>
     <span class='ocr_line' id='line_1_32' title="bbox 36 2695 1099 2765; baseline 0 -14"><span class='ocrx_word' id='word_1_259' title='bbox 36 2704 229 2765; x_wconf 76' lang='lat' dir='ltr'><strong>applicationem</strong></span> <span class='ocrx_word' id='word_1_260' title='bbox 241 2736 250 2759; x_wconf 95' lang='lat'><strong>,</strong></span> <span class='ocrx_word' id='word_1_261' title='bbox 261 2699 348 2749; x_wconf 87' lang='lat' dir='ltr'><strong>omnia</strong></span> <span class='ocrx_word' id='word_1_262' title='bbox 365 2701 451 2748; x_wconf 88' lang='lat' dir='ltr'><strong>nostra</strong></span> <span class='ocrx_word' id='word_1_263' title='bbox 465 2695 581 2748; x_wconf 82' lang='lat' dir='ltr'><strong>delentur</strong></span> <span class='ocrx_word' id='word_1_264' title='bbox 596 2701 719 2759; x_wconf 86' lang='lat' dir='ltr'><strong>peccata,</strong></span> <span class='ocrx_word' id='word_1_265' title='bbox 738 2700 763 2747; x_wconf 88' lang='lat' dir='ltr'><strong>et</strong></span> <span class='ocrx_word' id='word_1_266' title='bbox 780 2698 905 2761; x_wconf 83' lang='lat' dir='ltr'><strong>quantum</strong></span> <span class='ocrx_word' id='word_1_267' title='bbox 914 2698 948 2749; x_wconf 76' lang='lat' dir='ltr'><strong>aei</strong></span> <span class='ocrx_word' id='word_1_268' title='bbox 959 2700 1060 2763; x_wconf 91' lang='lat' dir='ltr'><strong>cuipam</strong></span> <span class='ocrx_word' id='word_1_269' title='bbox 1073 2705 1099 2751; x_wconf 88' lang='lat' dir='ltr'><strong>et</strong></span> 
     </span>
     <span class='ocr_line' id='line_1_33' title="bbox 36 2770 329 2835; baseline -0.014 -14"><span class='ocrx_word' id='word_1_270' title='bbox 36 2774 159 2835; x_wconf 75' lang='lat' dir='ltr'><strong>quantum</strong></span> <span class='ocrx_word' id='word_1_271' title='bbox 172 2770 205 2821; x_wconf 84' lang='lat' dir='ltr'><strong>ati</strong></span> <span class='ocrx_word' id='word_1_272' title='bbox 218 2780 329 2833; x_wconf 85' lang='lat' dir='ltr'><strong>poenam.</strong></span> 
     </span>
    </p>

    <p class='ocr_par' dir='ltr' id='par_1_13' title="bbox 36 2836 1154 2976">
     <span class='ocr_line' id='line_1_34' title="bbox 63 2836 1128 2905; baseline 0.007 -14"><span class='ocrx_word' id='word_1_273' title='bbox 63 2841 226 2905; x_wconf 81' lang='lat' dir='ltr'><strong>sepulturam</strong></span> <span class='ocrx_word' id='word_1_274' title='bbox 242 2838 336 2889; x_wconf 78' lang='lat' dir='ltr'><strong>Christi</strong></span> <span class='ocrx_word' id='word_1_275' title='bbox 348 2838 421 2889; x_wconf 88' lang='lat' dir='ltr'><strong>nobis</strong></span> <span class='ocrx_word' id='word_1_276' title='bbox 437 2836 565 2899; x_wconf 87' lang='lat' dir='ltr'><strong>applicat,</strong></span> <span class='ocrx_word' id='word_1_277' title='bbox 574 2839 657 2901; x_wconf 84' lang='lat' dir='ltr'><strong>ntper</strong></span> <span class='ocrx_word' id='word_1_278' title='bbox 670 2848 726 2889; x_wconf 88' lang='lat' dir='ltr'><strong>eam</strong></span> <span class='ocrx_word' id='word_1_279' title='bbox 737 2838 812 2889; x_wconf 84' lang='lat' dir='ltr'><strong>corde</strong></span> <span class='ocrx_word' id='word_1_280' title='bbox 825 2840 850 2889; x_wconf 90' lang='lat' dir='ltr'><strong>et</strong></span> <span class='ocrx_word' id='word_1_281' title='bbox 866 2838 986 2895; x_wconf 76' lang='lat' dir='ltr'><strong>abactas</strong></span> <span class='ocrx_word' id='word_1_282' title='bbox 1001 2844 1100 2895; x_wconf 86' lang='lat' dir='ltr'><strong>mundo</strong></span> <span class='ocrx_word' id='word_1_283' title='bbox 1110 2878 1128 2899; x_wconf 79' lang='lat'><strong>..</strong></span> 
     </span>
     <span class='ocr_line' id='line_1_35' title="bbox 36 2901 1154 2976; baseline -0.007 -13"><span class='ocrx_word' id='word_1_284' title='bbox 36 2910 394 2976; x_wconf 86' lang='lat' dir='ltr'><strong>separemur,qnasiinterra</strong></span> <span class='ocrx_word' id='word_1_285' title='bbox 405 2906 506 2969; x_wconf 88' lang='lat' dir='ltr'><strong>sepulti.</strong></span> <span class='ocrx_word' id='word_1_286' title='bbox 1147 2901 1154 2916; x_wconf 83' lang='lat'>¹</span> 
     </span>
    </p>

    <p class='ocr_par' dir='ltr' id='par_1_14' title="bbox 35 2976 1096 3112">
     <span class='ocr_line' id='line_1_36' title="bbox 64 2976 1096 3046; baseline 0.002 -15"><span class='ocrx_word' id='word_1_287' title='bbox 64 2980 286 3031; x_wconf 83' lang='lat' dir='ltr'><strong>Resurrectionem</strong></span> <span class='ocrx_word' id='word_1_288' title='bbox 304 2976 397 3027; x_wconf 83' lang='lat' dir='ltr'><strong>Gbrlsil</strong></span> <span class='ocrx_word' id='word_1_289' title='bbox 414 2976 487 3026; x_wconf 90' lang='lat' dir='ltr'><strong>nobis</strong></span> <span class='ocrx_word' id='word_1_290' title='bbox 502 2978 539 3027; x_wconf 87' lang='lat' dir='ltr'><strong>sie</strong></span> <span class='ocrx_word' id='word_1_291' title='bbox 559 2976 688 3040; x_wconf 83' lang='lat' dir='ltr'><strong>applicat,</strong></span> <span class='ocrx_word' id='word_1_292' title='bbox 701 2979 787 3039; x_wconf 86' lang='lat' dir='ltr'><strong>utper</strong></span> <span class='ocrx_word' id='word_1_293' title='bbox 804 2977 871 3029; x_wconf 83' lang='lat' dir='ltr'><strong>hanc</strong></span> <span class='ocrx_word' id='word_1_294' title='bbox 886 2980 1096 3046; x_wconf 83' lang='lat' dir='ltr'><strong>applicationem,</strong></span> 
     </span>
     <span class='ocr_line' id='line_1_37' title="bbox 35 3045 1096 3112; baseline 0.006 -14"><span class='ocrx_word' id='word_1_295' title='bbox 35 3053 112 3112; x_wconf 82' lang='lat' dir='ltr'><strong>gratia</strong></span> <span class='ocrx_word' id='word_1_296' title='bbox 124 3086 132 3111; x_wconf 94' lang='lat'><strong>,</strong></span> <span class='ocrx_word' id='word_1_297' title='bbox 142 3058 202 3111; x_wconf 77' lang='lat' dir='ltr'><strong>quae</strong></span> <span class='ocrx_word' id='word_1_298' title='bbox 211 3048 264 3099; x_wconf 81' lang='lat' dir='ltr'><strong>vita</strong></span> <span class='ocrx_word' id='word_1_299' title='bbox 280 3045 366 3096; x_wconf 82' lang='lat' dir='ltr'><strong>dirius</strong></span> <span class='ocrx_word' id='word_1_300' title='bbox 377 3048 433 3106; x_wconf 86' lang='lat' dir='ltr'><strong>est,</strong></span> <span class='ocrx_word' id='word_1_301' title='bbox 446 3045 520 3095; x_wconf 87' lang='lat' dir='ltr'><strong>nobis</strong></span> <span class='ocrx_word' id='word_1_302' title='bbox 530 3045 603 3096; x_wconf 80' lang='lat' dir='ltr'><strong>datar</strong></span> <span class='ocrx_word' id='word_1_303' title='bbox 617 3051 642 3097; x_wconf 88' lang='lat' dir='ltr'><strong>ct</strong></span> <span class='ocrx_word' id='word_1_304' title='bbox 650 3049 694 3107; x_wconf 83' lang='lat' dir='ltr'><strong>jus</strong></span> <span class='ocrx_word' id='word_1_305' title='bbox 710 3046 849 3100; x_wconf 78' lang='lat' dir='ltr'><strong>habeamus</strong></span> <span class='ocrx_word' id='word_1_306' title='bbox 858 3050 891 3097; x_wconf 87' lang='lat' dir='ltr'><strong>ad</strong></span> <span class='ocrx_word' id='word_1_307' title='bbox 903 3050 1017 3111; x_wconf 84' lang='lat' dir='ltr'><strong>gloriam.</strong></span> <span class='ocrx_word' id='word_1_308' title='bbox 1033 3066 1060 3103; x_wconf 91' lang='lat' dir='ltr'><strong>n.</strong></span> <span class='ocrx_word' id='word_1_309' title='bbox 1073 3056 1096 3108; x_wconf 87' lang='lat' dir='ltr'><strong>l.</strong></span> 
     </span>
    </p>

    <p class='ocr_par' dir='ltr' id='par_1_15' title="bbox 63 3116 1041 3181">
     <span class='ocr_line' id='line_1_38' title="bbox 63 3116 1041 3181; baseline 0.002 -10"><span class='ocrx_word' id='word_1_310' title='bbox 63 3126 89 3171; x_wconf 75' lang='grc' dir='ltr'><strong>3ο</strong></span> <span class='ocrx_word' id='word_1_311' title='bbox 98 3119 244 3181; x_wconf 85' lang='lat' dir='ltr'><strong>Baptismus</strong></span> <span class='ocrx_word' id='word_1_312' title='bbox 258 3120 297 3166; x_wconf 88' lang='lat' dir='ltr'><strong>cst</strong></span> <span class='ocrx_word' id='word_1_313' title='bbox 305 3116 414 3167; x_wconf 84' lang='lat' dir='ltr'><strong>imitatio</strong></span> <span class='ocrx_word' id='word_1_314' title='bbox 424 3116 528 3176; x_wconf 82' lang='lat' dir='ltr'><strong>mertis,</strong></span> <span class='ocrx_word' id='word_1_315' title='bbox 541 3116 692 3179; x_wconf 82' lang='lat' dir='ltr'><strong>sepultura,</strong></span> <span class='ocrx_word' id='word_1_316' title='bbox 704 3120 729 3165; x_wconf 87' lang='lat' dir='ltr'><strong>et</strong></span> <span class='ocrx_word' id='word_1_317' title='bbox 738 3120 928 3169; x_wconf 86' lang='lat' dir='ltr'><strong>resurrectionis</strong></span> <span class='ocrx_word' id='word_1_318' title='bbox 938 3118 1041 3173; x_wconf 75' lang='lat' dir='ltr'><strong>carlou.</strong></span> 
     </span>
    </p>

    <p class='ocr_par' dir='ltr' id='par_1_16' title="bbox 63 3186 1087 3254">
     <span class='ocr_line' id='line_1_39' title="bbox 63 3186 1087 3254; baseline -0.008 -13"><span class='ocrx_word' id='word_1_319' title='bbox 63 3193 223 3254; x_wconf 81' lang='lat' dir='ltr'><strong>Bapliaamnr</strong></span> <span class='ocrx_word' id='word_1_320' title='bbox 234 3190 264 3239; x_wconf 81' lang='lat' dir='ltr'><strong>tu</strong></span> <span class='ocrx_word' id='word_1_321' title='bbox 278 3187 487 3250; x_wconf 54' lang='lat' dir='ltr'><strong>mortcmtpss&#39;um</strong></span> <span class='ocrx_word' id='word_1_322' title='bbox 501 3187 616 3239; x_wconf 79' lang='lat' dir='ltr'><strong>anillam</strong></span> <span class='ocrx_word' id='word_1_323' title='bbox 630 3186 789 3237; x_wconf 75' lang='lat' dir='ltr'><strong>imitantium.</strong></span> <span class='ocrx_word' id='word_1_324' title='bbox 1084 3197 1087 3202; x_wconf 92' lang='lat'>·</span> 
     </span>
    </p>

    <p class='ocr_par' dir='ltr' id='par_1_17' title="bbox 66 3256 792 3323">
     <span class='ocr_line' id='line_1_40' title="bbox 66 3256 792 3323; baseline -0.011 -11"><span class='ocrx_word' id='word_1_325' title='bbox 66 3260 208 3323; x_wconf 76' lang='lat' dir='ltr'><strong>Comcpuitt</strong></span> <span class='ocrx_word' id='word_1_326' title='bbox 222 3272 312 3309; x_wconf 81' lang='lat' dir='ltr'><strong>sumus</strong></span> <span class='ocrx_word' id='word_1_327' title='bbox 323 3260 352 3307; x_wconf 77' lang='lat' dir='ltr'><strong>irs</strong></span> <span class='ocrx_word' id='word_1_328' title='bbox 366 3263 487 3315; x_wconf 81' lang='lat' dir='ltr'><strong>mortem,</strong></span> <span class='ocrx_word' id='word_1_329' title='bbox 499 3256 526 3305; x_wconf 85' lang='lat' dir='ltr'><strong>m</strong></span> <span class='ocrx_word' id='word_1_330' title='bbox 536 3260 586 3316; x_wconf 89' lang='lat' dir='ltr'><strong>est,</strong></span> <span class='ocrx_word' id='word_1_331' title='bbox 600 3260 628 3306; x_wconf 89' lang='lat' dir='ltr'><strong>ut</strong></span> <span class='ocrx_word' id='word_1_332' title='bbox 644 3258 792 3306; x_wconf 84' lang='lat' dir='ltr'><strong>moriamur.</strong></span> 
     </span>
    </p>

    <p class='ocr_par' dir='ltr' id='par_1_18' title="bbox 35 3322 1112 3533">
     <span class='ocr_line' id='line_1_41' title="bbox 64 3322 1096 3391; baseline 0.001 -11"><span class='ocrx_word' id='word_1_333' title='bbox 64 3330 135 3391; x_wconf 77' lang='lat' dir='ltr'><strong>Quasi</strong></span> <span class='ocrx_word' id='word_1_334' title='bbox 151 3328 253 3379; x_wconf 83' lang='lat' dir='ltr'><strong>Christo</strong></span> <span class='ocrx_word' id='word_1_335' title='bbox 261 3340 340 3384; x_wconf 84' lang='lat' dir='ltr'><strong>crux,</strong></span> <span class='ocrx_word' id='word_1_336' title='bbox 350 3326 400 3375; x_wconf 90' lang='lat' dir='ltr'><strong>boc</strong></span> <span class='ocrx_word' id='word_1_337' title='bbox 414 3325 487 3375; x_wconf 87' lang='lat' dir='ltr'><strong>nobis</strong></span> <span class='ocrx_word' id='word_1_338' title='bbox 500 3325 624 3387; x_wconf 81' lang='lat' dir='ltr'><strong>baptisma</strong></span> <span class='ocrx_word' id='word_1_339' title='bbox 641 3323 774 3375; x_wconf 76' lang='lat' dir='ltr'><strong>:Christus</strong></span> <span class='ocrx_word' id='word_1_340' title='bbox 787 3322 835 3373; x_wconf 87' lang='lat' dir='ltr'><strong>luit</strong></span> <span class='ocrx_word' id='word_1_341' title='bbox 852 3325 881 3374; x_wconf 91' lang='lat' dir='ltr'><strong>ln</strong></span> <span class='ocrx_word' id='word_1_342' title='bbox 893 3337 969 3376; x_wconf 87' lang='lat' dir='ltr'><strong>cruce</strong></span> <span class='ocrx_word' id='word_1_343' title='bbox 980 3325 1057 3390; x_wconf 77' lang='lat' dir='ltr'><strong>iiius,</strong></span> <span class='ocrx_word' id='word_1_344' title='bbox 1068 3332 1096 3381; x_wconf 88' lang='lat' dir='ltr'><strong>ut</strong></span> 
     </span>
     <span class='ocr_line' id='line_1_42' title="bbox 35 3395 1112 3462; baseline 0.001 -12"><span class='ocrx_word' id='word_1_345' title='bbox 35 3399 177 3451; x_wconf 72' lang='lat' dir='ltr'><strong>monadum</strong></span> <span class='ocrx_word' id='word_1_346' title='bbox 189 3410 293 3451; x_wconf 84' lang='lat' dir='ltr'><strong>caruem</strong></span> <span class='ocrx_word' id='word_1_347' title='bbox 305 3399 447 3446; x_wconf 86' lang='lat' dir='ltr'><strong>moreretur</strong></span> <span class='ocrx_word' id='word_1_348' title='bbox 455 3415 464 3456; x_wconf 87' lang='lat'>;</span> <span class='ocrx_word' id='word_1_349' title='bbox 472 3408 519 3445; x_wconf 92' lang='lat' dir='ltr'><strong>nos</strong></span> <span class='ocrx_word' id='word_1_350' title='bbox 528 3395 686 3458; x_wconf 85' lang='lat' dir='ltr'><strong>baptizamur</strong></span> <span class='ocrx_word' id='word_1_351' title='bbox 695 3429 703 3454; x_wconf 90' lang='lat'><strong>,</strong></span> <span class='ocrx_word' id='word_1_352' title='bbox 712 3396 742 3443; x_wconf 87' lang='lat' dir='ltr'><strong>ut</strong></span> <span class='ocrx_word' id='word_1_353' title='bbox 756 3395 894 3445; x_wconf 89' lang='lat' dir='ltr'><strong>moriamur</strong></span> <span class='ocrx_word' id='word_1_354' title='bbox 907 3398 1026 3462; x_wconf 70' lang='lat' dir='ltr'><strong>peccato,</strong></span> <span class='ocrx_word' id='word_1_355' title='bbox 1036 3411 1097 3451; x_wconf 88' lang='lat' dir='ltr'><strong>con·</strong></span> <span class='ocrx_word' id='word_1_356' title='bbox 1109 3414 1112 3421; x_wconf 71' lang='lat'><em>¹</em></span> 
     </span>
     <span class='ocr_line' id='line_1_43' title="bbox 35 3465 608 3533; baseline -0.01 -14"><span class='ocrx_word' id='word_1_357' title='bbox 35 3471 208 3533; x_wconf 75' lang='lat' dir='ltr'><strong>crucifigimur</strong></span> <span class='ocrx_word' id='word_1_358' title='bbox 216 3473 247 3517; x_wconf 82' lang='lat' dir='ltr'><strong>ut</strong></span> <span class='ocrx_word' id='word_1_359' title='bbox 261 3466 395 3517; x_wconf 77' lang='lat' dir='ltr'><strong>aboleatur</strong></span> <span class='ocrx_word' id='word_1_360' title='bbox 405 3476 496 3528; x_wconf 74' lang='lat' dir='ltr'><strong>eorpus</strong></span> <span class='ocrx_word' id='word_1_361' title='bbox 504 3465 608 3527; x_wconf 57' lang='lat' dir='ltr'><strong>peccam</strong></span> 
     </span>
    </p>

    <p class='ocr_par' dir='ltr' id='par_1_19' title="bbox 64 3532 874 3596">
     <span class='ocr_line' id='line_1_44' title="bbox 64 3532 874 3596; baseline -0.007 -7"><span class='ocrx_word' id='word_1_362' title='bbox 64 3540 122 3590; x_wconf 81' lang='lat' dir='ltr'><strong>Hac</strong></span> <span class='ocrx_word' id='word_1_363' title='bbox 135 3550 207 3588; x_wconf 91' lang='lat' dir='ltr'><strong>mors</strong></span> <span class='ocrx_word' id='word_1_364' title='bbox 217 3536 292 3586; x_wconf 83' lang='lat' dir='ltr'><strong>debet</strong></span> <span class='ocrx_word' id='word_1_365' title='bbox 301 3547 356 3585; x_wconf 84' lang='lat' dir='ltr'><strong>esso</strong></span> <span class='ocrx_word' id='word_1_366' title='bbox 366 3534 504 3596; x_wconf 87' lang='lat' dir='ltr'><strong>continua,</strong></span> <span class='ocrx_word' id='word_1_367' title='bbox 519 3538 546 3583; x_wconf 86' lang='lat' dir='ltr'><strong>et</strong></span> <span class='ocrx_word' id='word_1_368' title='bbox 556 3536 584 3583; x_wconf 90' lang='lat' dir='ltr'><strong>ln</strong></span> <span class='ocrx_word' id='word_1_369' title='bbox 602 3532 656 3585; x_wconf 85' lang='lat' dir='ltr'><strong>dies</strong></span> <span class='ocrx_word' id='word_1_370' title='bbox 674 3544 796 3584; x_wconf 85' lang='lat' dir='ltr'><strong>crescere.</strong></span> <span class='ocrx_word' id='word_1_371' title='bbox 809 3546 837 3583; x_wconf 89' lang='lat' dir='ltr'><strong>n.</strong></span> <span class='ocrx_word' id='word_1_372' title='bbox 852 3533 874 3583; x_wconf 91' lang='lat' dir='ltr'><strong>l.</strong></span> 
     </span>
    </p>

    <p class='ocr_par' dir='ltr' id='par_1_20' title="bbox 35 3600 1097 3865">
     <span class='ocr_line' id='line_1_45' title="bbox 67 3600 1097 3671; baseline -0.006 -12"><span class='ocrx_word' id='word_1_373' title='bbox 67 3606 210 3671; x_wconf 76' lang='lat' dir='ltr'><strong>Consepulti</strong></span> <span class='ocrx_word' id='word_1_374' title='bbox 227 3605 354 3655; x_wconf 73' lang='lat' dir='ltr'><strong>motusic</strong></span> <span class='ocrx_word' id='word_1_375' title='bbox 367 3610 489 3663; x_wconf 64' lang='lat' dir='ltr'><strong>malco,</strong></span> <span class='ocrx_word' id='word_1_376' title='bbox 501 3607 530 3655; x_wconf 88' lang='lat' dir='ltr'><strong>ut</strong></span> <span class='ocrx_word' id='word_1_377' title='bbox 540 3602 625 3653; x_wconf 75' lang='lat' dir='ltr'><strong>reveri</strong></span> <span class='ocrx_word' id='word_1_378' title='bbox 640 3602 711 3653; x_wconf 83' lang='lat' dir='ltr'><strong>velut</strong></span> <span class='ocrx_word' id='word_1_379' title='bbox 725 3603 820 3652; x_wconf 84' lang='lat' dir='ltr'><strong>mortui</strong></span> <span class='ocrx_word' id='word_1_380' title='bbox 839 3604 863 3652; x_wconf 89' lang='lat' dir='ltr'><strong>et</strong></span> <span class='ocrx_word' id='word_1_381' title='bbox 876 3600 982 3665; x_wconf 86' lang='lat' dir='ltr'><strong>sepulti,</strong></span> <span class='ocrx_word' id='word_1_382' title='bbox 996 3602 1097 3660; x_wconf 84' lang='lat' dir='ltr'><strong>nubum</strong></span> 
     </span>
     <span class='ocr_line' id='line_1_46' title="bbox 37 3672 1096 3737; baseline -0.002 -10"><span class='ocrx_word' id='word_1_383' title='bbox 37 3678 175 3727; x_wconf 86' lang='lat' dir='ltr'><strong>babeamus</strong></span> <span class='ocrx_word' id='word_1_384' title='bbox 190 3688 252 3725; x_wconf 90' lang='lat' dir='ltr'><strong>cum</strong></span> <span class='ocrx_word' id='word_1_385' title='bbox 263 3676 367 3737; x_wconf 84' lang='lat' dir='ltr'><strong>peccato</strong></span> <span class='ocrx_word' id='word_1_386' title='bbox 379 3677 405 3724; x_wconf 88' lang='lat' dir='ltr'><strong>et</strong></span> <span class='ocrx_word' id='word_1_387' title='bbox 415 3673 513 3723; x_wconf 80' lang='lat' dir='ltr'><strong>mundo</strong></span> <span class='ocrx_word' id='word_1_388' title='bbox 528 3672 711 3723; x_wconf 83' lang='lat' dir='ltr'><strong>commercium</strong></span> <span class='ocrx_word' id='word_1_389' title='bbox 721 3689 727 3720; x_wconf 79' lang='grc' dir='ltr'><strong>ι</strong></span> <span class='ocrx_word' id='word_1_390' title='bbox 745 3683 805 3731; x_wconf 87' lang='lat' dir='ltr'><strong>cor,</strong></span> <span class='ocrx_word' id='word_1_391' title='bbox 817 3682 906 3733; x_wconf 89' lang='lat' dir='ltr'><strong>mens,</strong></span> <span class='ocrx_word' id='word_1_392' title='bbox 917 3684 1006 3721; x_wconf 87' lang='lat' dir='ltr'><strong>sensns</strong></span> <span class='ocrx_word' id='word_1_393' title='bbox 1017 3678 1096 3725; x_wconf 89' lang='lat' dir='ltr'><strong>nostrl</strong></span> 
     </span>
     <span class='ocr_line' id='line_1_47' title="bbox 35 3741 1097 3806; baseline -0.001 -11"><span class='ocrx_word' id='word_1_394' title='bbox 35 3751 86 3795; x_wconf 86' lang='lat' dir='ltr'><strong>sint</strong></span> <span class='ocrx_word' id='word_1_395' title='bbox 101 3749 157 3797; x_wconf 90' lang='lat' dir='ltr'><strong>sinc</strong></span> <span class='ocrx_word' id='word_1_396' title='bbox 167 3745 263 3796; x_wconf 71' lang='lat' dir='ltr'><strong>affectu</strong></span> <span class='ocrx_word' id='word_1_397' title='bbox 276 3745 344 3795; x_wconf 82' lang='lat' dir='ltr'><strong>circa</strong></span> <span class='ocrx_word' id='word_1_398' title='bbox 360 3754 401 3795; x_wconf 84' lang='grc' dir='ltr'><strong>ιιι</strong></span> <span class='ocrx_word' id='word_1_399' title='bbox 417 3743 514 3806; x_wconf 65' lang='lat' dir='ltr'><strong>secum</strong></span> <span class='ocrx_word' id='word_1_400' title='bbox 524 3744 556 3793; x_wconf 87' lang='lat' dir='ltr'><strong>ab</strong></span> <span class='ocrx_word' id='word_1_401' title='bbox 570 3744 607 3792; x_wconf 85' lang='lat' dir='ltr'><strong>eis</strong></span> <span class='ocrx_word' id='word_1_402' title='bbox 617 3744 703 3792; x_wconf 85' lang='lat' dir='ltr'><strong>ments</strong></span> <span class='ocrx_word' id='word_1_403' title='bbox 714 3742 740 3791; x_wconf 88' lang='lat' dir='ltr'><strong>et</strong></span> <span class='ocrx_word' id='word_1_404' title='bbox 758 3741 833 3793; x_wconf 86' lang='lat' dir='ltr'><strong>corde</strong></span> <span class='ocrx_word' id='word_1_405' title='bbox 847 3742 935 3793; x_wconf 85' lang='lat' dir='ltr'><strong>saitem</strong></span> <span class='ocrx_word' id='word_1_406' title='bbox 947 3742 1027 3793; x_wconf 88' lang='lat' dir='ltr'><strong>simus</strong></span> <span class='ocrx_word' id='word_1_407' title='bbox 1038 3743 1097 3795; x_wconf 80' lang='lat' dir='ltr'><strong>abs-</strong></span> 
     </span>
     <span class='ocr_line' id='line_1_48' title="bbox 36 3817 575 3865; baseline -0.009 0"><span class='ocrx_word' id='word_1_408' title='bbox 36 3818 118 3865; x_wconf 85' lang='lat' dir='ltr'><strong>tracti.</strong></span> <span class='ocrx_word' id='word_1_409' title='bbox 137 3828 165 3863; x_wconf 94' lang='lat' dir='ltr'><strong>n.</strong></span> <span class='ocrx_word' id='word_1_410' title='bbox 179 3817 205 3862; x_wconf 86' lang='grc'><strong>’1.</strong></span> <span class='ocrx_word' id='word_1_411' title='bbox 572 3827 575 3832; x_wconf 63' lang='grc'>’</span> 
     </span>
    </p>

    <p class='ocr_par' dir='ltr' id='par_1_21' title="bbox 64 3878 1098 3955">
     <span class='ocr_line' id='line_1_49' title="bbox 64 3878 1098 3955; baseline 0 -22"><span class='ocrx_word' id='word_1_412' title='bbox 64 3886 101 3933; x_wconf 73' lang='lat' dir='ltr'><strong>Ba</strong></span> <span class='ocrx_word' id='word_1_413' title='bbox 110 3884 186 3945; x_wconf 80' lang='lat' dir='ltr'><strong>aquis</strong></span> <span class='ocrx_word' id='word_1_414' title='bbox 196 3880 562 3943; x_wconf 60' lang='lat' dir='ltr'><strong>exsurgimnmutinnotitste</strong></span> <span class='ocrx_word' id='word_1_415' title='bbox 573 3881 632 3931; x_wconf 74' lang='lat' dir='ltr'><strong>ritae</strong></span> <span class='ocrx_word' id='word_1_416' title='bbox 646 3878 806 3931; x_wconf 84' lang='lat' dir='ltr'><strong>ambulemus</strong></span> <span class='ocrx_word' id='word_1_417' title='bbox 815 3914 823 3941; x_wconf 92' lang='lat'><strong>,</strong></span> <span class='ocrx_word' id='word_1_418' title='bbox 833 3880 860 3930; x_wconf 94' lang='lat' dir='ltr'><strong>ln</strong></span> <span class='ocrx_word' id='word_1_419' title='bbox 874 3880 980 3955; x_wconf 61' lang='lat' dir='ltr'><strong>matiam</strong></span> <span class='ocrx_word' id='word_1_420' title='bbox 999 3892 1098 3947; x_wconf 88' lang='lat' dir='ltr'><strong>semper</strong></span> 
     </span>
    </p>

    <p class='ocr_par' dir='ltr' id='par_1_22' title="bbox 36 3951 1096 4158">
     <span class='ocr_line' id='line_1_50' title="bbox 53 3951 722 4003; baseline -0.018 0"><span class='ocrx_word' id='word_1_421' title='bbox 53 3951 282 4003; x_wconf 79' lang='lat' dir='ltr'><strong>robelamns.n.t.</strong></span> <span class='ocrx_word' id='word_1_422' title='bbox 720 3957 722 3963; x_wconf 51' lang='lat'><strong>¹</strong></span> 
     </span>
     <span class='ocr_line' id='line_1_51' title="bbox 36 3967 1096 4079; baseline -0.004 -7"><span class='ocrx_word' id='word_1_423' title='bbox 36 3967 51 4017; x_wconf 85' lang='lat' dir='ltr'><strong>p</strong></span> <span class='ocrx_word' id='word_1_424' title='bbox 65 4026 117 4073; x_wconf 87' lang='lat' dir='ltr'><strong>iioc</strong></span> <span class='ocrx_word' id='word_1_425' title='bbox 126 4022 240 4079; x_wconf 66' lang='lat' dir='ltr'><strong>meotes,</strong></span> <span class='ocrx_word' id='word_1_426' title='bbox 251 4021 277 4069; x_wconf 88' lang='lat' dir='ltr'><strong>ct</strong></span> <span class='ocrx_word' id='word_1_427' title='bbox 286 4018 355 4070; x_wconf 85' lang='lat' dir='ltr'><strong>bano</strong></span> <span class='ocrx_word' id='word_1_428' title='bbox 369 4016 514 4071; x_wconf 71' lang='lat' dir='ltr'><strong>mirmion</strong></span> <span class='ocrx_word' id='word_1_429' title='bbox 530 4020 644 4071; x_wconf 78' lang='lat' dir='ltr'><strong>nostram</strong></span> <span class='ocrx_word' id='word_1_430' title='bbox 655 4028 717 4071; x_wconf 86' lang='lat' dir='ltr'><strong>oum</strong></span> <span class='ocrx_word' id='word_1_431' title='bbox 733 4016 832 4071; x_wconf 75' lang='lat' dir='ltr'><strong>Christo</strong></span> <span class='ocrx_word' id='word_1_432' title='bbox 844 4018 1050 4074; x_wconf 83' lang='lat' dir='ltr'><strong>communionem</strong></span> <span class='ocrx_word' id='word_1_433' title='bbox 1065 4020 1096 4069; x_wconf 86' lang='lat' dir='ltr'><strong>ln</strong></span> 
     </span>
     <span class='ocr_line' id='line_1_52' title="bbox 37 4088 383 4158; baseline -0.017 -11"><span class='ocrx_word' id='word_1_434' title='bbox 37 4097 121 4147; x_wconf 87' lang='lat' dir='ltr'><strong>ments</strong></span> <span class='ocrx_word' id='word_1_435' title='bbox 133 4102 234 4158; x_wconf 88' lang='lat' dir='ltr'><strong>semper</strong></span> <span class='ocrx_word' id='word_1_436' title='bbox 243 4088 383 4142; x_wconf 76' lang='lat' dir='ltr'><strong>babentesz</strong></span> 
     </span>
    </p>
   </div>
   <div class='ocr_carea' id='block_1_8' title="bbox 0 0 1284 4450">
    <p class='ocr_par' dir='ltr' id='par_1_23' title="bbox 0 0 1284 4450">
     <span class='ocr_line' id='line_1_53' title="bbox 0 0 1284 4450; baseline 0 0"><span class='ocrx_word' id='word_1_437' title='bbox 0 0 1284 4450; x_wconf 95' lang='lat' dir='ltr'><strong> </strong></span> 
     </span>
    </p>
   </div>
  </div>
 </body>
</html>
