2559 4450
180 249 235 307 aas
372 252 504 309 saian
521 219 727 313 saissonis
745 258 796 313 an
813 258 1054 317 consecutos

211 346 240 399 bi
252 345 285 401 ad
295 346 496 402 erubescentium
506 354 618 404 vestram
628 352 688 404 dico
700 353 782 407 vobis.
839 360 868 413 ὅ.
896 360 940 413 Ad
964 358 1170 415 nummatam
1190 373 1243 413 ves·

178 416 282 469 ΑΜΒ
294 422 420 470 ¹¹0¹11⁰0⁸²
430 421 497 471 ¹¹11&
508 433 554 473 ’θ’
570 426 671 486 ”lilim
686 427 712 473 ⁰²
722 436 783 474 θω-
806 421 878 489 tram
889 436 965 492 dico.
983 438 1030 491 Sic
1041 451 1103 490 non
1124 442 1172 490 est
1184 438 1243 488 inter

180 486 268 551 ditus,
280 490 326 553 qui
344 490 424 555 possit
436 488 541 545 tratrem
558 502 635 545 suum
647 492 782 555 iudicaret
805 526 855 566 ,03
872 514 983 581 sapien,
1005 514 1186 581 quma,
1205 514 1243 579 qni

804 591 1031 707 possit'jndicarc
1044 592 1125 646 inter
1141 592 1244 645 tratrem

210 746 261 799 Sed
278 746 437 800 Christianus
453 750 481 801 in
494 748 669 805 christianum
682 750 780 818 litigat,
804 685 951 802 Ὓὲοᾱ
969 746 1056 800 batos·
1076 758 1150 799 cum
1170 744 1244 797 tratre

180 816 266 871 ethos
276 818 345 883 apud
353 819 456 872 ludices
466 819 598 873 infideles!
617 868 619 873 .
800 824 909 892 judicio
939 823 1105 892 contendit,
1135 826 1167 877 et
1201 821 1244 872 hoc

803 904 879 971 apud
891 903 1031 957 infideles.

179 996 182 1003 ·
210 984 267 1037 ism
279 984 382 1048 quidem
397 984 487 1048 procul
503 985 580 1036 dubio
593 984 740 1049 debueritis
751 989 779 1038 in
838 984 932 1035 biam
945 980 1062 1048 quidem
1075 976 1197 1032 omnino
1205 976 1246 1027 de-

180 1054 246 1117 boc,
258 1055 326 1118 quod
337 1058 403 1106 inter
412 1068 457 1105 vos
466 1055 577 1107 forenses
586 1056 780 1119 disceptationes
802 1061 899 1114 lictum
909 1059 992 1113 estin
1006 1057 1104 1123 vobis,
1117 1056 1198 1124 quod
1206 1055 1246 1119 ju·

82 1162 86 1169 ·
179 1125 297 1178 hebetln
311 1137 390 1193 lum
411 1137 464 1175 ¹1⁰⁰
481 1124 566 1188 Ρθῑῑὺῦ
585 1124 684 1176 fflfltffl
701 1128 779 1175 ⁸¹1⁸fl·
802 1139 876 1193 dicia
886 1137 995 1191 bebetis
1002 1137 1079 1190 inter
1087 1150 1154 1189 vos.
1164 1136 1244 1196 Quare

210 1326 314 1377 erosas
325 1327 434 1378 arbitros
446 1326 534 1379 minuis
547 1326 675 1387 eruditos,
685 1324 730 1375 scd
748 1327 887 1376 sanctiores
902 1328 928 1377 et
946 1325 1070 1387 mulotes
1084 1322 1148 1389 eligi
1156 1345 1166 1387 3
1178 1322 1242 1386 quini

179 1396 213 1448 ad
225 1396 325 1447 ludices
336 1397 502 1458 eruditiores,
515 1396 559 1445 scd
572 1396 659 1446 minsis
674 1407 759 1457 equos
771 1396 878 1445 recurri.

211 1482 236 1532 t.
248 1481 288 1530 iu
297 1481 471 1530 verecndiam
486 1485 595 1529 oestrum
605 1478 691 1528 dico...
703 1482 791 1528 monet
800 1477 868 1540 quod
878 1478 928 1527 boc
939 1477 1026 1539 diost,
1042 1489 1099 1528 non
1109 1478 1242 1532 steininen,

179 1551 252 1612 qnasi
263 1549 325 1599 velit
339 1548 401 1598 isles
411 1548 442 1598 de
454 1547 520 1598 lecto
534 1548 650 1609 judices,
661 1551 820 1610 contemptos
832 1551 858 1598 et
868 1548 998 1609 imperitos
1007 1546 1066 1609 eligi
1080 1568 1089 1608 ς
1101 1548 1150 1598 sed
1160 1553 1188 1596 ut
1197 1560 1241 1598 sos.

180 1618 347 1677 ocorinthli,
364 1617 460 1680 pudore
470 1617 634 1680 suiiundans,
648 1629 678 1666 eo
689 1616 757 1678 quod
769 1616 802 1666 ed
818 1615 930 1665 Gentiles
940 1617 1094 1677 recurratis,
1106 1620 1184 1679 quasi
1200 1627 1241 1663 non

179 1690 232 1738 sint
246 1687 315 1750 apud
326 1700 372 1738 vos
385 1689 510 1749 sapientes
520 1692 545 1737 et
552 1688 644 1749 periti,
658 1687 703 1747 qai
714 1685 795 1748 litigia
805 1689 889 1735 vestm
902 1686 999 1747 possint
1009 1698 1178 1748 componere.

212 1764 313 1813 Siteon
326 1770 361 1813 ert
376 1764 440 1812 ister
450 1776 495 1813 uos
505 1763 614 1825 rupices,
631 1760 658 1809 id
668 1762 715 1820 est,
728 1759 825 1811 adeone
834 1772 911 1813 nemo
921 1763 959 1811 est
969 1762 1093 1811 internos
1106 1762 1209 1826 sapiens
1221 1763 1240 1807 et

182 1832 313 1892 eruditus,
325 1833 369 1893 qui
380 1834 458 1895 possit
471 1831 574 1881 tratrem
584 1842 661 1879 suum
670 1829 806 1891 judicaret

211 1902 255 1955 Gr.
268 1900 320 1947 otti
331 1902 363 1954 cte
380 1914 413 1951 ne
430 1913 496 1951 unus
508 1899 621 1961 quidem.

211 1994 236 2041 6.
254 1990 302 2039 Sed
312 1988 391 2052 freter
404 1987 552 2051 cumfratre
554 2021 633 2038 ........
646 1986 673 2037 ld
685 1990 740 2048 est,
752 1986 910 2038 Christianus
920 1990 948 2038 in
961 1985 1157 2050 Christianum,
1167 1999 1237 2037 mem·

180 2058 255 2109 brum
267 2058 359 2108 Christi
374 2060 402 2107 in
414 2056 482 2107 aliud
494 2055 586 2106 Christi
599 2056 752 2106 membrum.
769 2057 834 2107 Ecce
847 2056 944 2107 malum
956 2068 987 2105 ex
997 2060 1068 2117 perte
1081 2056 1238 2119 litigantium.

213 2136 245 2183 Et
260 2132 305 2183 boc
325 2134 395 2196 apud
406 2132 526 2196 infideles.
545 2130 611 2180 Ecce
623 2129 694 2180 aliud
707 2129 819 2193 malum,
837 2145 867 2182 ex
881 2136 953 2195 parte
965 2130 1085 2182 luctuum
1094 2167 1102 2193 ,
1119 2131 1155 2182 ad
1172 2142 1238 2192 quos,

182 2214 234 2254 non
248 2204 303 2252 sine
317 2200 437 2252 Ecclesiae
448 2202 594 2263 contemptu
611 2202 635 2248 et
646 2198 765 2250 scandalo
774 2239 782 2263 ,
792 2203 941 2251 recurritur.

211 2271 347 2332 Postquam
367 2271 463 2320 iactum
479 2271 552 2318 initio
565 2270 706 2330 expositum
719 2269 850 2320 mutuavit
864 2283 895 2319 ex
907 2273 978 2333 perte
991 2269 1113 2320 indicum
1123 2307 1131 2332 ,
1142 2271 1239 2320 damnet

181 2344 207 2391 ei
217 2353 247 2390 en
260 2344 331 2402 parte
339 2337 508 2400 litigantium
522 2337 585 2386 iliud
598 2339 625 2386 in
647 2340 728 2399 seipso
739 2338 841 2387 tandem
856 2338 1032 2389 damnaturus.

211 2409 259 2460 Sed
276 2409 338 2470 qnid
349 2408 445 2458 diceret
467 2407 575 2467 Paulus,
587 2408 609 2456 si
621 2405 688 2456 tilios
696 2410 728 2465 ¹in
743 2411 876 2469 parentes,
889 2411 949 2468 etc,
962 2409 984 2457 si
1001 2408 1142 2461 llonacbos
1155 2410 1181 2458 in
1197 2408 1239 2456 ‚io

180 2479 264 2540 uates,
278 2483 337 2538 etc,
356 2481 377 2528 si
397 2477 542 2527 Sacerdotes
557 2477 584 2526 ln
604 2475 740 2540 Episcopos
765 2481 881 2527 cerneret
895 2477 1038 2540 litigantes,
1058 2482 1085 2527 ct
1108 2478 1160 2528 boo
1179 2477 1236 2540 apul

180 2548 268 2600 Luicos
280 2552 305 2597 ct
318 2547 447 2598 seculares
459 2549 471 2596 i

210 2633 235 2680 t.
248 2629 308 2679 iam
319 2631 418 2692 quidem
430 2629 529 2678 omnino
545 2627 662 2678 delictum
676 2633 711 2677 est
712 2663 782 2680 .......
792 2627 873 2679 litem
886 2630 967 2692 ipsam
980 2631 1008 2679 in
1021 2641 1048 2680 se
1060 2631 1236 2681 consideratum

180 2699 285 2749 damnat
294 2701 365 2760 quasi
376 2698 505 2747 delictum.
514 2697 556 2746 Gr.
568 2698 680 2756 ἥττημα,
693 2697 843 2760 diminutio,
853 2697 979 2762 deiectus,
989 2700 1138 2764 minoratio,
1148 2701 1233 2750 asorbo

181 2771 304 2826 ἣττωμαι,
317 2766 473 2824 succumbo,
488 2762 566 2824 cedo,
582 2766 690 2826 vincor,
701 2766 811 2830 trangon.

210 2839 297 2900 ltaque
307 2837 402 2892 ἥττημα
413 2834 536 2896 significat
550 2835 592 2884 bic
606 2837 743 2897 quamdam
753 2841 834 2893 animi
844 2843 1021 2904 impotentiam
1035 2845 1062 2893 et
1082 2844 1234 2894 imbecillita-

178 2913 232 3029 ἔξω
243 2943 250 2967 ,
262 2905 313 2968 qni
325 2904 450 2954 corinthii
469 2906 514 2954 irae
530 2905 571 2955 uel
585 2903 652 2956 lucri
666 2908 798 2973 cupiditati
811 2911 1020 2976 succumbentes,
1040 2914 1108 2963 lutor
1118 2927 1148 2964 se
1161 2915 1233 2974 litiga·

212 2979 250 3026 nt.

210 3046 253 3098 Gr.
264 3045 318 3108 lam
336 3045 439 3108 quidem
455 3047 532 3110 igitur
548 3049 654 3100 omnino
667 3051 802 3101 minomtio
821 3053 849 3102 in
862 3051 934 3103 vobis
946 3056 992 3104 cst.
1013 3053 1071 3117 syr.
1088 3057 1143 3116 mm
1158 3059 1234 3113 impie

178 3117 325 3180 vosmetipsi
339 3115 419 3179 culpae
428 3115 528 3167 obnoxii
542 3119 620 3179 estis,
634 3122 684 3168 etc.
697 3119 831 3170 audaciam
843 3122 960 3184 superibs
973 3125 1075 3173 vocavit
1083 3124 1116 3173 ad
1129 3124 1232 3174 infideles

176 3187 275 3250 iudices
290 3198 421 3238 recursum
429 3204 437 3248 3
453 3185 496 3236 hic
508 3185 629 3238 delictum
639 3192 714 3239 uocat
724 3191 861 3253 ipsummet
870 3190 1060 3243 corinthiorum
1074 3191 1184 3256 litigare.

501 3302 567 3354 ileos
583 3305 665 3354 cunei
675 3303 757 3357 Pauli
770 3305 838 3356 circs
854 3305 918 3357 lites.

208 3405 382 3474 iampridem
395 3411 495 3462 omnino
507 3409 624 3462 delictum
637 3419 672 3463 est
673 3447 753 3465 ........
766 3415 822 3465 lion
834 3413 987 3476 dico,un
1001 3414 1104 3468 ludices
1118 3416 1231 3470 litbnicos

178 3480 290 3542 adeatis3
306 3479 351 3529 sed
361 3477 410 3529 hoc
428 3482 512 3542 ipsum
526 3479 593 3542 quod
605 3481 718 3543 Juriicia,
731 3497 776 3533 seu
787 3483 843 3534 lites
855 3484 977 3535 habeatis.

207 3549 240 3599 Et
250 3549 308 3611 quia
321 3559 380 3610 pers
398 3545 456 3597 laesa
474 3551 570 3611 poterat
582 3549 684 3600 dicere:
702 3553 796 3613 injurii
806 3563 864 3602 sum
882 3553 1001 3615 aiiectus,
1013 3553 1081 3605 hanc
1097 3557 1153 3618 eius
1165 3569 1230 3607 ercu-

73 3659 76 3664 .
178 3618 303 3669 sationem
318 3615 402 3673 rejicit
413 3613 500 3666 dicens
512 3634 519 3666 ε
538 3618 621 3676 Quare
631 3631 681 3667 noe
691 3619 774 3682 mepte
786 3621 911 3683 bustiam
922 3623 1034 3684 accipitis
1041 3627 1085 3674 t...

208 3685 250 3736 Sic
266 3687 350 3748 itaque
362 3683 434 3733 litem
445 3686 525 3748 ipsam
541 3687 729 3739 Corinthiorum
744 3691 848 3741 damnet
859 3729 867 3753 ,
882 3697 911 3743 ut
925 3696 950 3742 et
960 3689 1012 3743 litis
1023 3697 1048 3742 et
1061 3693 1185 3758 litigantis
1197 3707 1229 3743 es-

178 3755 334 3805 cnsaiionem
347 3763 399 3803 non
410 3751 535 3803 admittat.

207 3823 245 3872 lta
261 3823 290 3872 li.
300 3820 408 3870 Paulum]
422 3821 542 3884 explicuit
555 3827 580 3873 et
593 3823 717 3875 intellexit
731 3827 760 3877 b.
772 3827 927 3890 Augustinus
937 3830 965 3879 in
980 3829 1114 3880 llncbirid.
1125 3845 1183 3897 cap.
1198 3837 1226 3884 ii.

208 3888 246 3936 lta
256 3887 288 3937 ii.
304 3887 413 3939 'ibomes
428 3909 434 3938 ι
450 3888 482 3939 ad
503 3889 624 3941 delictum
634 3894 705 3944 vobis
723 3897 879 3959 imputatur,
893 3898 961 3960 quod
973 3902 1030 3963 post
1048 3907 1224 3954 conversionem

179 3955 303 4018 swam,
315 3957 412 4018 indicia
428 3957 526 4011 hubeis
543 3960 758 4025 intensos,tnter
767 3977 831 4030 quos
846 3967 943 4044 scilicet
957 3968 1032 4021 debet
1049 3980 1104 4022 esse
1115 3983 1180 4037 pax,
1191 3979 1224 4026 cie-
