2559 4450
177 332 234 395 ,Μ
285 342 290 349 “
369 332 503 395 PRIUAE
520 331 725 385 EPISTOLAE
743 331 792 384 lu
808 328 1048 385 CORINTHIOS

141 428 149 444 '
178 432 247 553 idem
257 436 343 551 auam
353 432 461 497 Spiritus
471 432 594 494 Sanctus,
605 434 723 486 omnium
732 432 779 483 do-
799 442 863 482 rum
871 430 952 493 sunt,
961 425 1037 479 idem
1046 427 1147 476 autem
1157 422 1237 488 Spiri-

197 512 271 552 orum
327 514 349 553 s.
801 514 870 561 tusc

209 583 241 640 nt
253 590 451 640 ministeriorum
462 582 611 639 differentia
621 585 777 641 suntzidear
834 585 861 636 5.
874 586 908 635 Et
926 580 1077 633 divisiones
1098 578 1237 630 ministra-

173 656 485 721 ¹'Ultimi1³0¹¹²¹¹¹¹¹⁸²tl¹¹⁰
498 658 684 722 ffiiienfflssturi
800 662 907 715 tionum
933 664 1016 725 suni3
1039 657 1119 711 idem
1149 664 1237 709 autem

800 739 953 793 Dominus:

171 809 176 818 ’
208 820 242 873 Ει
263 818 410 871 dunarum
432 817 608 881 operationum
629 814 779 865 differentias
834 814 1236 883 6,Etdivisionegopera110.

178 892 256 950 sunt,
273 901 319 941 seu
338 888 443 939 divorsa
456 889 516 937 sunt
532 883 664 935 dcultatss
679 882 778 935 divorsa
800 911 868 951 ,mm
879 901 961 963 sung

171 956 303 1039 ,miracula
314 956 455 1023 pacandis

177 1044 1235 1073 ‚W

170 1093 251 1169 'qumi
265 1099 379 1155 medicus
392 1100 490 1155 accedit
505 1099 539 1150 ad
558 1098 683 1149 sanandas
698 1094 842 1160 spirituales
857 1092 1047 1148 Corinthiorum
1062 1094 1237 1157 egritudines,

179 1178 247 1225 circa
257 1172 312 1223 hac
325 1170 465 1235 spiritualia
480 1168 546 1219 dona
556 1206 563 1229 ,
575 1179 714 1229 eorumque
726 1178 813 1215 usum.

172 1284 178 1309 2
208 1250 278 1301 lions
294 1260 327 1298 sn
343 1254 607 1297 rnrscnrcnunrnri.-
620 1242 707 1303 ltaque
723 1244 784 1289 nota
802 1237 871 1301 quod
891 1238 960 1302 apud
977 1238 1143 1301 Corinthios,
1160 1241 1237 1289 adhuc

180 1316 347 1383 imperfectos,
357 1318 382 1365 ct
390 1316 417 1365 in
429 1312 478 1364 lide
487 1310 611 1371 infirmos,
621 1308 773 1359 charismata
784 1310 857 1357 eraut
867 1308 1101 1370 occasio'supcrbiae
1109 1347 1118 1371 ,
1127 1310 1236 1368 invidia,

177 1380 284 1438 dissidii.
905 1392 909 1394 ’

181 1464 185 1475 ’
208 1457 257 1519 Qui
270 1452 340 1508 enim
353 1458 450 1518 maiora
461 1452 527 1505 dona
537 1451 718 1515 perceperant,
729 1446 850 1497 advorsus
863 1444 928 1497 alios
940 1446 1123 1498 memoratur.

209 1528 257 1589 Qui
268 1526 338 1578 nullu
348 1562 355 1587 ,
366 1528 412 1575 aut
422 1525 521 1579 minora
532 1521 633 1573 tantum
648 1517 789 1579 habebant,
804 1515 925 1567 adsersus
935 1528 981 1567 cos
995 1519 1041 1578 qui
1055 1520 1158 1580 maiora
1173 1530 1236 1568 rees-

174 1600 284 1665 'perant,
301 1596 422 1645 ardebant
432 1594 536 1645 invidia.

207 1664 321 1727 illucque
334 1664 365 1715 ob
377 1664 484 1727 Spiritus
497 1662 583 1714 Sancti
595 1660 662 1709 dona
674 1658 829 1708 dissidebant
837 1654 950 1720 plerique
958 1656 1164 1709 Corinthiorum.

173 1756 175 1766 =
207 1736 240 1785 lit
252 1736 280 1785 in
291 1735 331 1785 lris
341 1746 430 1784 sorum
440 1736 510 1784 uitiis
518 1730 655 1789 sanandis,
669 1730 853 1789 contrariisque
863 1727 901 1776 sis
910 1726 1049 1778 natatibus
1061 1729 1235 1788 insinuandis,

180 1808 249 1855 totrn
258 1807 295 1853 est
305 1802 438 1867 Apostolus
453 1805 481 1853 in
493 1802 543 1853 hoc
555 1800 654 1860 capito,
665 1796 693 1846 id
706 1800 760 1857 cst,

208 1875 285 1924 'lotus
296 1876 323 1923 ln
338 1871 494 1924 retundenda
514 1871 628 1934 priorum
644 1867 776 1927 superbia,

170 1973 176 1979 -
208 1942 286 1993 Totus
297 1946 324 1993 in
337 1938 517 2001 emtingucnda
527 1938 635 1987 aliorum
649 1934 761 1995 invidia,

172 2052 177 2063 .
207 2011 284 2061 'lotus
295 2014 323 2061 in
337 2008 483 2072 inspiranda
496 2006 615 2057 omnibus
628 2002 747 2053 Ecclesiae
761 2000 929 2053 Corinthiaca
940 2002 1073 2066 iidcllhus,
1083 2006 1159 2057 velut
1174 2012 1234 2069 ejus-

170 2082 236 2131 -dom
259 2082 370 2143 corporis
391 2078 525 2137 membris,
544 2087 623 2139 paca,
644 2071 797 2133 concordia,
813 2075 904 2122 mutuo
923 2085 1024 2135 amore,
1040 2078 1067 2123 et
1085 2078 1175 2129 studio
1193 2079 1233 2127 sibi

178 2153 288 2201 invicem
300 2148 464 2201 inserviendi.

170 2255 180 2268 -,
207 2219 278 2281 Quod
290 2217 377 2270 sedulo
392 2216 547 2277 noandum,
561 2217 587 2266 et
601 2227 654 2280 pra
668 2205 748 2264 oculis
763 2210 864 2263 assidui
875 2211 1037 2276 habendum,
1052 2214 1087 2266 ad
1098 2218 1234 2279 perlectam

178 2288 260 2339 tentus
275 2287 476 2348 intelligentiam.

172 2390 177 2398 ·
206 2357 272 2408 Eece
282 2355 350 2418 quod
360 2357 457 2416 spectat
468 2352 502 2403 ad
514 2349 625 2415 Apostoli
638 2355 751 2401 mentem
760 2369 768 2412 3
778 2365 849 2409 nunc
863 2352 896 2402 nd
908 2352 993 2403 rerba.

207 2431 345 2480 moisioncs
354 2429 508 2493 pretiorum.
519 2427 563 2477 Gr.
575 2425 712 2479 discrimen
725 2426 906 2476 ewismatum
916 2463 925 2488 ,
936 2439 982 2479 scu
994 2425 1124 2481 donorum
1140 2434 1233 2495 gratui-

171 2503 271 2552 torum.
626 2509 628 2515 ’

206 2569 296 2631 idest,
311 2569 428 2634 equidem
442 2568 569 2629 donorum
582 2569 644 2634 sunt
654 2565 820 2626 ffiuenfia,
832 2565 937 2616 dirersis
948 2565 1047 2618 diversa
1058 2569 1174 2635 dautur,
1189 2572 1232 2621 hoo

178 2641 236 2698 uni,
248 2637 311 2688 iilud
325 2639 414 2699 alieri,
428 2641 478 2688 cto.
670 2676 672 2680 ,

171 2737 175 2742 ·
206 2714 275 2764 idem
286 2720 376 2763 -aotem
387 2713 518 2776 ,Spiritum
532 2709 629 2762 mulcet
639 2709 748 2773 Spiritus
758 2710 883 2772 sandes,
894 2712 940 2774 qui
950 2713 1068 2763 omnium
1077 2713 1184 2767 illorum
1193 2716 1232 2765 do

176 2794 268 2832 norum
281 2782 338 2832 lons
351 2785 397 2831 cst.

205 2851 280 2912 Quasi
293 2851 387 2899 diceret
399 2868 405 2898 ι
418 2850 578 2900 Multitudine
592 2850 694 2910 quidem
711 2854 738 2901 at
754 2853 876 2900 varietate
893 2844 1030 2915 differunt,
1041 2867 1097 2906 non
1114 2863 1230 2916 anctore,

173 2921 219 2980 qui
237 2931 304 2967 unns
314 2924 339 2966 et
347 2919 417 2968 idem
431 2924 468 2968 est
478 2919 715 2980 Spiritusdanctus.
942 2973 947 2976 ,
1264 2954 1266 2957 -

205 2987 240 3036 Ne
251 2988 284 3036 sit
294 2999 352 3048 crgo
361 2989 426 3036 intsr
434 2999 479 3036 uos
488 2987 578 3038 divisio
589 2989 621 3038 cb
630 3002 661 3039 ea
670 3003 727 3052 quse
737 2991 770 3040 air
781 2992 878 3042 unitata
884 2995 1006 3053 manant,
1014 2997 1106 3056 etqua
1115 2996 1131 3046 a
1141 2999 1230 3061 Spiritu

175 3057 280 3118 Sancto,
293 3059 363 3119 pacis
380 3061 499 3118 auctore,
513 3059 663 3120 procedunt.

202 3125 323 3178 Pratcrca
334 3129 420 3190 gratiae
434 3133 510 3188 sunt,
523 3128 614 3190 idest,
628 3130 694 3180 dona
705 3131 815 3192 matella
825 3167 833 3191 ,
845 3130 943 3180 nemini
955 3130 1056 3192 debita3
1071 3137 1165 3196 utquid
1178 3148 1229 3195 erno
1264 3142 1266 3203 i

173 3209 204 3248 ea
214 3197 287 3247 aliter
299 3197 371 3247 altari
381 3198 510 3248 invideat?
522 3211 568 3248 cur
579 3201 611 3249 ob
623 3213 652 3249 ca
664 3202 722 3261 quis
733 3203 839 3260 angatur
853 3202 939 3249 animo
947 3203 961 3250 i
970 3201 1002 3250 alr
1013 3203 1134 3254 omuibus
1149 3210 1230 3268 gratia
1264 3206 1266 3257 l

168 3271 234 3318 aunt
250 3266 384 3327 habendae;
394 3269 490 3316 nemini
504 3266 655 3329 dolendum,
667 3280 697 3316 cx
705 3268 735 3318 li.
745 3268 931 3330 chrysostomo.
1264 3274 1266 3311 i

204 3342 227 3390 5.
237 3342 269 3390 El
280 3341 412 3404 divisiones
424 3339 638 3392 ministrationum
639 3377 687 3393 .....
697 3342 740 3392 Gr.
750 3341 897 3391 discrimina
910 3344 1128 3407 ministeriorum
1140 3348 1169 3398 id
1182 3355 1228 3408 ssi,

168 3412 243 3460 tatia
257 3409 359 3472 quidem
379 3411 406 3460 in
426 3411 539 3461 Ecclesia
557 3412 692 3464 distributa
712 3414 773 3462 sunt
788 3414 946 3473 ministeria,
960 3425 987 3463 v.
1006 3427 1043 3476 3.,
1056 3416 1229 3478 apostolatus.

172 3479 352 3542 Episcopatus,
366 3478 569 3550 Presbytcratus,
579 3481 748 3541 lii-aconatus,
761 3485 810 3530 etc.

167 3567 172 3584 ¹
202 3553 366 3603 identitatem
380 3553 516 3614 Dominus,
528 3547 625 3605 scilicet
636 3553 714 3604 iesus¹
720 3555 849 3615 Christus,
859 3555 978 3606 Ecclesia
987 3557 1085 3619 Caput,
1095 3558 1228 3624 Princeps.

172 3628 198 3672 et
207 3623 342 3690 Dominus,
354 3622 400 3671 sub
409 3635 459 3684 quo
469 3635 556 3674 omnes
568 3624 605 3673 illi
615 3627 680 3674 rarii
689 3625 796 3674 llinlstrl
809 3625 922 3676 mllitant
933 3630 959 3676 ct
967 3626 1018 3676 lico
1031 3631 1150 3680 sanum
1163 3651 1170 3681 a
1186 3641 1209 3683 et
1218 3633 1230 3680 :i

168 3695 222 3752 uiro
231 3689 286 3741 hac
296 3691 382 3740 omnia
394 3692 533 3742 miuIstsria
543 3693 726 3746 conseruntur..

200 3758 345 3824 lilliercntia
357 3761 433 3822 igitur
447 3763 474 3809 in
483 3763 642 3823 ministerio,
652 3777 704 3812 non
716 3765 743 3812 in
754 3762 871 3815 Domino.

164 3830 172 3860 2
199 3822 278 3875 Porro
298 3827 401 3877 aitands
423 3828 456 3877 ad
474 3830 550 3878 tcrlia
561 3831 791 3890 ¹srss'rtc'stroiiuts‘eus,
809 3845 854 3882 seu
873 3832 1056 3894 moniminas,
1073 3836 1190 3891 hwrem
1209 3849 1229 3889 et

171 3892 289 3940 sudorem
304 3895 418 3944 indicant
433 3914 439 3944 ι
454 3897 516 3956 quid
531 3909 588 3958 ergo
599 3899 692 3961 ¹tiniec,
709 3901 731 3950 si
745 3899 854 3951 dieram
873 3905 949 3962 iussit
965 3903 1023 3967 plus
1034 3904 1173 3971 latomo,
1188 3911 1227 3960 till

171 3969 292 4018 parcens,
303 3963 340 4009 ait
351 3961 381 4024 li.
398 3961 611 4024 Chrysostomusr

167 4065 172 4072 -
202 4029 272 4084 alit
282 4031 416 4086 munes
425 4038 606 4100 mentiosum.
621 4039 666 4094 Gr.
681 4015 841 4109 laamas«,
850 4046 1162 4118 efficaciampsrstionoe.
1176 4056 1227 4120 Syr.
