2559 4450
208 233 243 315 'ab
451 240 455 246 “
504 249 713 314 urrsrotu
731 249 977 315 antoninos
1014 253 1026 264 ’·

237 325 328 416 Porrb,
339 351 406 404 sieut
417 365 470 404 non
489 366 534 418 per
545 355 767 406 circumcisionem
777 354 807 404 ot
862 360 908 410 tii.
931 358 993 410 iton
1015 353 1091 410 euim
1102 351 1160 422 'per
1179 316 1268 418 legem:

203 425 368 488 justificatio,
379 424 417 484 sic
426 436 473 473 nec
480 437 525 486 per
534 423 595 486 legis
604 426 788 474 observantiam
798 444 805 474 ι
829 434 978 500 promissio
990 433 1119 499 mmm,
1130 438 1179 486 aut
1190 431 1256 484 semi.

204 508 259 546 non
273 495 343 544 enim
356 493 403 543 sub
415 493 561 544 conditione
573 494 655 557 legem
671 495 807 547 observan-
829 515 859 566 ni
869 512 990 580 &ussup
1004 513 1094 566 hm
1103 518 1177 566 met
1188 524 1268 577 mun..

205 562 329 624 di,iieus
344 562 460 623 promisit
475 560 581 611 Abrahae
599 559 668 623 quod
683 574 728 626 per
744 562 809 612 lies-
830 591 879 646 di=
891 590 1228 660 mperjusfimmfldei·
1266 586 1268 647 Ι

204 633 271 680 siam
282 628 364 678 tilium
382 641 459 678 suurn
471 666 478 690 ‚
491 629 593 679 iuturus
606 633 671 679 esset
686 629 766 679 haeres
782 633 809 679 et

204 696 328 749 Dominus
337 697 428 751 manui
437 735 445 758 ,
453 698 497 748 sed
504 699 688 760 periustitiam,
699 702 725 747 et
732 711 809 762 prop·

204 771 244 817 ter
255 767 382 828 iustitiam
401 778 478 828 quem
494 766 544 816 tide
565 767 611 817 sut
630 766 737 829 adeptus
753 771 809 816 erat

204 834 350 897 soranam,
370 837 396 884 et
411 836 486 896 errius
502 836 643 884 imitatores
658 836 742 884 esseut
752 836 808 895 eius
1019 901 1034 929 a

239 905 309 954 steri.
732 926 738 933 ·
1266 952 1268 955 .

203 915 265 1022 poSi
277 970 446 1034 enimdiegis
459 971 618 1023 observantia
630 1009 638 1034 ,
650 970 743 1034 pendet
752 969 808 1020 hae-
864 973 911 1025 Μ.
929 969 960 1026 Si
975 970 1052 1026 enim
1072 969 1125 1038 cui
1142 983 1177 1026 ex
1192 962 1268 1036 lege!

203 1041 311 1103 reditas,
321 1053 367 1100 seu
386 1041 528 1092 benedictio
544 1039 650 1091 Abrahae
665 1042 806 1103 promissa,
830 1047 955 1103 haeredeg
976 1053 1054 1101 sunt·
1068 1046 1206 1101 exinanita
1224 1040 1268 1101 esi?

203 1109 349 1161 Genot.22.
365 1114 404 1162 18.
422 1112 507 1161 inutile
521 1114 546 1160 1ο
565 1109 632 1160 lactu
649 1113 688 1158 est
702 1107 808 1158 Abrahae
829 1126 914 1193 fides,
925 1126 1028 1180 abolita
1037 1089 1081 1180 {st
1091 1125 1242 1194 promissio·
1266 1108 1268 1199 i

201 1177 497 1241 adnumeremus
516 1177 679 1240 abnuisset,
696 1178 806 1229 etnuiia
1129 1181 1131 1184 '

203 1249 259 1312 ipsa
269 1250 404 1313 promissio
416 1249 522 1301 Abrahae
536 1249 612 1300 beia.
834 1282 838 1290 ·

234 1315 300 1367 (idm
310 1321 381 1369 enim
391 1317 495 1370 tersius
505 1317 555 1368 tide
566 1319 600 1368 sit
610 1316 745 1368 observatu
757 1319 808 1366 im·
831 1317 835 1322 “
864 1318 910 1369 dt.
924 1317 979 1369 Lex
989 1314 1065 1369 enim
1081 1311 1156 1367 iram
1171 1323 1257 1378 opera·

202 1493 254 1544 tide
276 1493 398 1545 hrndatur
422 1515 430 1547 e
451 1494 481 1546 eb
502 1495 673 1558 germaniores
694 1495 790 1546 erimus
812 1493 919 1545 Abrahae
938 1491 1003 1554 tilii,
1023 1490 1075 1554 <pub
1098 1491 1219 1542 sincerius
1236 1490 1257 1536 in

203 1561 333 1613 Christum
348 1563 497 1625 credemus,
512 1567 537 1614 et
551 1563 678 1614 fideliores
692 1566 806 1626 erimus,
817 1564 917 1614 Christo
931 1561 977 1612 liei
989 1565 1015 1610 et
1027 1561 1136 1612 Abrahae
1150 1561 1208 1611 tiho.

233 1629 300 1682 illuc
314 1634 420 1696 concipe
434 1636 546 1695 quantus
561 1636 587 1682 et
599 1632 681 1694 qualis
696 1635 729 1684 sit
744 1633 804 1684 odet
818 1633 970 1685 thesaurus!
986 1643 1042 1692 qum
1054 1643 1103 1680 nos
1119 1633 1147 1680 in
1160 1631 1257 1686 christu

202 1704 280 1764 siper
287 1701 431 1764 Christum,
442 1703 500 1752 unit
509 1715 569 1753 eum
579 1703 698 1752 omuibus
706 1703 751 1764 qui
767 1701 917 1766 inerunt,et
927 1703 1003 1752 erunt
1012 1702 1040 1750 in
1052 1700 1152 1770 mundo
1163 1702 1256 1754 sanctis,

202 1773 260 1820 inm
273 1769 332 1820 fidei
347 1769 480 1834 Patribus,
492 1775 548 1822 tum
564 1771 715 1834 simpliciter
729 1771 855 1822 fidelibus.

233 1837 314 1902 Quam
321 1840 538 1902 magnifaciendus
550 1841 593 1891 hic
600 1840 736 1892 thesaurus
743 1844 750 1891 i
758 1842 834 1904 quim
842 1839 961 1892 accurate
969 1839 1118 1901 semandm,
1125 1838 1256 1902 augendus,

201 1919 248 1974 per
265 1907 409 1972 trequentes
422 1914 495 1961 aetus
510 1910 586 1962 fidei

235 1997 274 2044 te.
289 1994 345 2044 Non
355 1994 421 2044 euim
427 2008 476 2058 per
486 1994 563 2058 iopam
571 1994 719 2058 montinio.
730 1994 787 2058 Syr.
803 2007 856 2044 non
871 1994 941 2042 enim
955 2004 1001 2056 per
1013 1991 1094 2054 legem
1107 1994 1201 2044 exstitit
1209 2002 1256 2054 pro

202 2065 310 2115 miserm
325 2067 375 2128 ipsi
391 2065 498 2116 Abrahae
514 2071 539 2116 et
552 2067 644 2116 semini
658 2068 729 2126 ejus,
741 2069 770 2115 ut
785 2067 850 2114 esset
863 2062 943 2113 bures
963 2063 1054 2112 mundi
1061 2083 1071 2124 ;
1084 2063 1145 2125 sed,
1160 2069 1206 2112 etc.

232 2133 323 2185 Probat
338 2134 472 2200 Apostolus
485 2134 612 2186 Abraham
623 2172 631 2196 ,
641 2136 758 2185 omnium
778 2134 937 2185 credentium
947 2170 954 2194 ,
964 2134 1042 2182 etiam
1059 2135 1255 2196 praeputiatorum

201 2215 257 2255 esse
273 2204 388 2267 Patrem,
400 2204 477 2261 sirnui
493 2208 519 2256 et
532 2207 682 2268 argumento
696 2217 762 2255 novo
776 2216 806 2253 ex
818 2204 985 2267 promissione
997 2202 1041 2252 bei
1054 2207 1172 2266 sumpto,
1183 2203 1256 2267 proiut

199 2274 347 2337 iustitiam,
360 2288 408 2327 nec
422 2276 543 2336 librabo,
555 2287 603 2325 nec
619 2274 693 2324 nobis
708 2274 850 2335 obtingere,
862 2275 908 2322 aut
917 2285 963 2335 per
976 2274 1212 2332 circumcisionem,
1223 2276 1256 2318 aut

200 2354 247 2405 per
259 2341 354 2407 legem,
366 2347 411 2397 aut
420 2356 466 2409 per
482 2344 544 2407 legis
555 2357 630 2408 opera
641 2364 650 2406 ς
660 2344 706 2393 sed
714 2356 759 2408 per
772 2342 848 2393 tidem
859 2362 868 2405 t
879 2339 930 2391 tale
942 2344 1028 2391 autem
1039 2345 1077 2391 est
1089 2346 1255 2403 argumentur

202 2411 326 2475 Apostoli.

232 2480 352 2536 Promisit
366 2484 433 2536 Deus
445 2484 552 2535 Abrahae
570 2488 596 2535 et
609 2486 715 2547 posteris
732 2483 787 2543 eius
799 2480 868 2545 quod
886 2480 988 2533 iuturus
1003 2484 1068 2532 esset
1086 2482 1167 2532 totius
1181 2479 1255 2531 mundi

200 2548 282 2603 haeres
292 2566 337 2617 por
349 2554 465 2604 Messium
478 2550 561 2603 tiithm
572 2555 628 2613 eius
640 2570 648 2602 a
661 2554 764 2615 respicit
773 2552 807 2602 ad
819 2551 883 2602 tiiud
891 2552 981 2602 Genes.
995 2554 1035 2601 22.
1049 2552 1224 2603 benedicentur
1236 2550 1256 2596 ot

201 2626 225 2671 te
237 2634 321 2671 omues
337 2624 429 2673 Gentes.

232 2689 265 2737 hi
279 2690 335 2741 haec
352 2690 485 2753 promissio
506 2702 558 2741 non
570 2688 637 2741 tacta
655 2694 694 2743 est
706 2704 751 2756 per
763 2691 862 2755 legem,
875 2705 921 2743 sen
936 2690 983 2742 sub
994 2689 1142 2743 conditione
1153 2688 1255 2743 servandi

199 2754 297 2819 legem,
311 2770 367 2820 qua
378 2756 493 2811 nondum
506 2764 560 2810 erat
567 2780 577 2823 μ
588 2765 613 2812 et
623 2774 693 2823 quae,
701 2765 731 2811 ut
741 2762 804 2812 dicit
816 2762 849 2812 ad
861 2760 917 2812 Gai.
931 2766 955 2812 3.
965 2775 994 2811 n.
1007 2765 1045 2811 1⁷.
1058 2760 1134 2823 longe
1146 2763 1196 2812 tuit
1211 2775 1256 2824 pos

199 2828 278 2881 terior
289 2847 297 2877 ι
309 2827 353 2880 sed
368 2842 413 2893 per
426 2833 452 2879 et
464 2835 566 2894 propter
576 2834 704 2895 justitiam
719 2833 796 2894 tidei,
809 2846 856 2883 seu
870 2835 972 2898 propter
984 2832 1112 2893 justitiam
1130 2846 1206 2897 quam
1221 2845 1255 2880 ac-

200 2899 305 2959 quisivit
317 2898 444 2954 Abrohom
457 2902 582 2953 credendo
593 2907 619 2953 et
635 2903 776 2953 obediendo
789 2903 850 2953 beo.

232 2966 296 3030 Ergo
309 2972 335 3019 et
345 2972 400 3031 ejus
413 2972 588 3034 promissionis
598 2972 746 3036 adimpletio
756 2970 929 3035 independens
943 2975 981 3022 est
991 2972 1008 3021 d
1020 2970 1090 3035 lege,
1100 2976 1128 3023 et
1136 2972 1198 3037 legis
1210 2986 1255 3036 ope·

200 3037 287 3102 ribus3
297 3036 340 3089 sed
348 3038 378 3090 tit
386 3052 431 3103 per
440 3042 547 3103 gratiam
557 3041 626 3092 fidei.

234 3125 271 3173 ti.
282 3124 312 3175 St
322 3124 387 3175 enim
398 3125 443 3188 qui
456 3138 485 3175 ec
497 3124 565 3187 ispe,
580 3126 686 3178 hermes
697 3133 765 3177 utut.
779 3126 805 3177 Si
820 3127 891 3176 enim
904 3124 942 3177 iiii
955 3125 1018 3187 soit,
1029 3129 1075 3188 qui
1083 3125 1168 3189 legem
1182 3129 1254 3176 obser-

198 3197 277 3255 vant,
291 3192 402 3246 heredes
413 3199 474 3246 sant
483 3196 609 3247 bonorum
622 3197 729 3248 Mrabae
741 3199 937 3260 promissorum,
949 3197 1076 3246 miooutto
1084 3203 1133 3255 cet,
1145 3200 1225 3248 inanis
1237 3200 1256 3242 et

198 3264 359 3317 vacuefacta
374 3268 412 3315 est
426 3266 533 3317 Abrahae
547 3267 608 3331 fides
623 3270 678 3317 tam
690 3267 809 3327 laudam,
821 3266 957 3328 nullusque
968 3269 1022 3327 eius
1032 3265 1142 3316 fructu.

230 3334 333 3393 Abolito
342 3341 377 3386 ert
392 3336 542 3398 promissim-
552 3334 604 3385 imb
617 3336 689 3387 nulia
702 3337 751 3387 erit
759 3335 847 3386 divina
858 3337 990 3399 promissio
1004 3334 1043 3384 iili
1054 3335 1121 3385 tecta
1133 3356 1141 3386 z
1153 3336 1220 3387 nuiia
1235 3337 1254 3382 in

198 3402 341 3473 Abraham,
352 3406 412 3468 quia
425 3402 591 3467 aniciorum
604 3404 676 3455 num
688 3407 717 3455 in
734 3406 841 3469 posteris
858 3402 978 3466 Abrahae,
991 3404 1052 3466 quia
1071 3404 1135 3466 legis
1149 3407 1255 3469 prevari-

199 3477 306 3524 catores.

232 3558 270 3605 15.
282 3558 330 3607 tec
343 3558 408 3608 caim
420 3560 492 3610 irum
502 3565 632 3623 opscur.
641 3559 698 3623 syr.
713 3559 840 3622 siquidem
853 3558 895 3609 lex
906 3562 945 3610 est
956 3558 1070 3610 etiectrix
1081 3551 1143 3623 ir'e3
1156 3564 1213 3624 quia
1224 3562 1252 3608 ier

198 3626 253 3676 sine
266 3626 360 3676 Christi
371 3628 420 3678 ilde
431 3633 456 3679 et
470 3631 563 3692 gratia,
572 3630 623 3692 qua
636 3628 786 3693 impleatur,
798 3633 836 3679 cst
850 3630 1012 3693 impossibilis
1023 3630 1160 3681 observatu
1174 3633 1253 3689 rhino-

198 3706 248 3757 oue
261 3696 362 3746 tantum
379 3697 465 3761 abest,
475 3702 505 3748 ut
515 3699 719 3766 benedictionem
729 3738 737 3761 ,
748 3702 890 3762 iustitiam,
901 3700 1075 3751 hereditatem
1086 3701 1194 3752 mrahae
1205 3713 1254 3763 pro

197 3768 303 3817 missam
320 3770 423 3830 causet3
436 3770 499 3831 quin
518 3771 701 3835 potitisiram,
721 3770 922 3833 indignationem
941 3773 967 3822 et
985 3770 1128 3822 vindiciam
1150 3774 1252 3823 divinem

176 3872 185 3897 ,
198 3841 327 3899 operatur.

229 3902 282 3953 bion
293 3906 394 3967 quidem
411 3919 456 3971 per
472 3920 516 3970 sa,
535 3913 561 3960 et
573 3922 604 3961 ex
624 3911 784 3962 institutione
804 3921 867 3974 sua,
887 3910 932 3963 sed
948 3921 995 3976 per
1014 3910 1148 3975 accidens,
1166 3916 1252 3965 ratione

198 3970 353 4024 infirmitatis
369 3975 490 4027 hornanu
502 3980 579 4040 cunia
590 3981 643 4041 sio,
652 3978 694 4030 lex
708 3984 747 4031 est
764 3980 864 4033 mensio
877 3980 1109 4045 amouens,
1121 3994 1170 4035 seu
1182 3989 1253 4036 trans
