2559 4450
61 176 65 184 ’
156 217 193 277 re
408 247 415 256 ·
452 223 656 289 sorssors
675 223 924 302 renouatus

154 317 357 382 immersi,uuasi
370 308 461 386 sepulti
473 324 569 376 fuimus
578 347 585 389 ς
595 329 661 378 sieut
672 328 756 379 Chris
778 340 913 402 mortem3
928 339 960 390 ui
972 335 1113 404 quomodo
1126 331 1225 392 Chris·

153 389 196 434 tus
205 387 292 436 triduo
305 389 354 439 fult
366 393 393 440 lu
405 396 469 443 terra
483 396 613 458 sepultus:
626 401 656 447 ut
670 412 756 461 quem·
779 415 824 462 [us
834 411 976 464 surrexit&
987 413 1101 466 mortuis
1109 428 1158 479 per
1165 415 1226 480 glo·

153 452 291 504 admodum
308 457 439 523 Christus,
459 475 504 525 per
522 463 567 514 liei
587 467 721 529 virtutem,
741 470 755 518 lt
779 488 847 542 fiam
861 489 961 554 patris,
974 489 1011 542 ipa
1024 495 1051 542 et
1063 505 1115 543 ηας
1125 491 1153 542 in
1167 505 1226 543 no·

153 525 261 572 mortuis
278 528 401 578 excitatus
419 534 470 592 esi,
485 535 565 582 vllam
583 539 688 585 aelurus
699 539 755 586 im·
779 563 862 620 vitate
873 565 936 619 ,51ae
946 565 1128 620 ambffiemus,

152 590 300 652 mortalem;
310 595 344 643 lta
352 599 377 644 et
387 610 444 659 uos,
453 600 755 668 perhaptismum,hujus

152 659 230 706 etiam
237 659 329 710 Christi
338 669 530 718 resurrectionis
537 677 755 732 repraesentatores

152 727 179 771 et
195 728 343 791 participes,
363 745 496 794 surgamus
512 749 542 785 ex
555 740 645 801 aquis,
663 754 754 794 novam

152 791 242 842 exinde
252 797 331 846 vitam
346 798 446 862 arturi,
455 805 480 850 et
488 803 575 869 iuhae
587 819 652 857 nova
667 812 754 860 11111-

151 860 208 910 lestl
219 865 271 912 rita
282 873 480 933 perseveraturi,
490 875 515 921 et
525 873 554 922 in
565 886 622 926 eam
634 880 754 931 continue
830 885 832 890 ’

151 940 316 994 progressuri.

150 1039 1217 1080 Ἣ

182 1107 229 1159 Per
241 1111 366 1175 baptisma
381 1118 452 1168 enim
467 1119 600 1169 assimilati
616 1132 707 1171 sumus
724 1123 824 1176 Christo
845 1127 943 1190 sepulto
957 1130 1036 1191 squia
1049 1131 1116 1186 siout
1132 1131 1221 1182 triduo

151 1174 267 1230 Christus
280 1182 330 1232 luit
344 1187 372 1233 in
387 1189 455 1236 terra
470 1189 599 1250 sepultum
611 1193 649 1239 sio
665 1195 704 1240 ter
718 1194 894 1256 immergimur
905 1200 932 1246 in
944 1199 1018 1259 aqut.

180 1249 212 1296 le
224 1259 343 1312 mortem,
359 1255 386 1303 id
402 1260 457 1318 est,
472 1257 504 1306 an
524 1261 754 1320 representantem
776 1267 853 1315 etium
874 1267 954 1318 oeulis
969 1267 1070 1318 ilem-inl
1083 1275 1193 1322 mortem
1210 1289 1218 1320 =

150 1327 203 1364 uon
219 1318 339 1381 sepelitur
351 1327 420 1374 enlm
434 1329 486 1376 nisi
500 1332 626 1380 mortuus.

182 1400 212 1450 Ut
229 1405 353 1462 11111111
370 1407 486 1458 Christus
494 1423 544 1472 per
554 1411 684 1474 pioriome
696 1413 725 1466 iri
736 1419 789 1486 est,
801 1429 846 1482 per
858 1420 1051 1482 potentiamve}
1062 1419 1216 1484 gloriosam,

149 1471 274 1530 maii,
287 1471 330 1521 Cr.
344 1477 466 1526 excitatus
482 1482 520 1528 est
533 1479 673 1532 emortuis.
683 1482 767 1535 Vitam
778 1487 875 1537 scilieet
885 1486 1054 1539 immortalem
1068 1493 1182 1541 aeturus.

180 1551 220 1600 ltu
235 1559 259 1602 et
277 1569 323 1604 oos
344 1555 373 1604 in
394 1559 531 1610 nomime...
549 1561 647 1626 idest,
664 1567 699 1632 lta
719 1580 767 1618 nos
783 1565 907 1632 baptismo
926 1575 1099 1634 resurgentes,
1121 1585 1217 1626 novam

149 1620 239 1669 exinde
254 1626 333 1673 vitam
349 1639 469 1692 agamus,
482 1635 507 1679 et
520 1631 621 1693 quidem
632 1631 692 1684 filiis
703 1637 746 1687 Ilei
760 1635 881 1701 dignam,
898 1645 1045 1692 constanter
1053 1645 1080 1692 iu
1098 1645 1216 1704 lustitia,

148 1691 331 1748 perseverando
343 1699 368 1743 et
378 1707 477 1759 semper
489 1712 533 1760 per
545 1713 621 1762 opera
632 1702 698 1752 hona
710 1701 873 1767 prolicienda.

179 1758 251 1809 Tune
267 1759 407 1822 baptismus
426 1766 575 1830 pierumque
593 1784 639 1832 per
657 1775 755 1823 trinam
766 1775 878 1839 samoris
895 1775 1084 1835 immersionem
1101 1783 1216 1832 ueniere-

148 1825 222 1874 halur
242 1845 249 1876 s
269 1828 324 1879 haee
340 1837 426 1882 autem
446 1838 513 1886 trina
532 1843 645 1902 eorporis
664 1845 812 1906 immersio,
823 1859 879 1907 quar
896 1848 973 1898 llehat
987 1853 1015 1900 iu
1029 1851 1172 1914 baptismo,
1185 1865 1216 1900 es

147 1889 177 1944 u.
198 1893 277 1946 Paulo
295 1904 488 1962 representabat
508 1913 615 1958 moriem
636 1914 662 1960 ei
686 1913 843 1974 sepulturam
861 1915 954 1967 Christi
971 1937 980 1969 a
995 1931 1087 1982 corpus
1105 1920 1167 1972 verri
1184 1934 1215 1970 es

147 1976 226 2026 amsa,
245 1970 524 2038 poslimmersionem,
545 1991 694 2042 resurgens,
710 1984 904 2036 resurrectionis
919 1984 1010 2036 Christi
1027 1989 1128 2061 gerebat
1146 1992 1214 2040 ima-

146 2035 239 2093 ginem.
639 2074 644 2082 ·

176 2104 232 2164 ipsa
242 2108 330 2169 iraque
342 2109 460 2172 baptismi
470 2111 554 2165 torma·
562 2119 665 2180 mortis,
680 2115 816 2184 sepulture
827 2127 852 2176 et
863 2127 1052 2179 resurrectionis
1065 2126 1159 2180 Christi
1174 2133 1214 2180 est

145 2173 310 2239 significatum
322 2183 346 2228 et
360 2183 419 2241 quia
437 2190 594 2235 sacramenta
609 2192 694 2239 nostra
713 2191 825 2246 ellielunt
841 2196 868 2250 id
878 2197 945 2261 quod
962 2197 1118 2261 signiacum,
1131 2207 1162 2252 ut
1177 2203 1213 2251 aii

144 2243 173 2293 il.
189 2243 496 2312 ihomas;=haptlsmusrn
507 2256 580 2309 uobis
589 2262 708 2321 producit
719 2264 822 2316 alieuius
831 2272 933 2330 mortis,
945 2266 1080 2331 sepulturae
1089 2276 1115 2321 et
1126 2285 1214 2323 resur-

143 2316 264 2365 rectionis
273 2317 366 2368 Christi
378 2338 385 2368 z
397 2320 452 2373 haee
462 2326 534 2377 nohis
544 2330 580 2378 sie
591 2330 702 2394 applicet
717 2338 834 2397 mysteria
845 2374 852 2401 ,
863 2343 892 2390 ui
904 2339 1007 2391 illorum
1023 2338 1115 2393 flamus
1129 2346 1211 2409 parti-

141 2382 222 2445 elpes.

161 2453 220 2505 ,Per
230 2454 427 2518 applioaiionem
444 2467 534 2516 mortis
551 2471 576 2517 ei
593 2468 852 2539 sepulluraeChrlstl,
862 2481 953 2529 ‘omnia
968 2480 1040 2535 nohis
1050 2485 1155 2547 peceato
1168 2495 1210 2533 re-

142 2524 296 2586 mittuntur,
308 2532 334 2575 et
344 2536 449 2591 peceato
460 2536 594 2585 morimur.
877 2556 880 2563 ⁴

171 2592 218 2646 Per
228 2594 428 2656 11111111111111111Ι
436 2606 628 2655 restrneetionis
644 2606 750 2674 Christi,
762 2608 843 2674 gralia
862 2612 936 2669 nohis
953 2622 1210 2686 communiretur,et

142 2662 193 2714 vitri
204 2666 271 2713 nova
283 2666 408 2725 spirituali
420 2673 447 2723 ai
456 2670 543 2720 diuina
553 2676 673 2727 vivimus.

170 2733 314 2782 rimandum
330 2737 419 2783 ahiem
430 2743 454 2785 l·
467 2742 537 2799 quod,
549 2743 612 2793 ‹lleit
622 2745 754 2809 Apostolus
767 2773 774 2803 ι
791 2757 1034 2821 consepeliremur
1049 2760 1076 2811 io
1087 2768 1209 2827 mortem

140 2801 170 2917 {dl
180 2805 233 2861 est,
247 2806 275 2919 {rt
285 2805 436 2920 moriantur.
446 2807 561 2861 Christus
572 2821 629 2880 pest
643 2824 752 2872 mortem
765 2828 880 2889 sepultus
894 2832 951 2881 est:
966 2830 1126 2884 Christianus
1136 2848 1208 2899 sepe-

152 2885 158 2917 ι
172 2882 246 2930 ur,u
273 2883 353 2920 mono
366 2886 405 2923 ur.-

170 2936 241 2997 Quod
256 2939 349 2989 Christi
366 2956 441 3006 erar,
457 2946 507 2998 hoe
521 2952 599 3003 nohis
617 2955 757 3023 baptisma,
775 2962 811 3013 all
835 2964 864 3017 li.
883 2968 973 3033 Chrys.
992 2971 1058 3020 sieut
1078 2972 1106 3021 lu
1130 2988 1207 3025 eruce

140 3006 255 3061 Christus
267 3007 316 3059 iuli
328 3012 470 3077 exaltatus,
482 3021 513 3067 ut
526 3023 671 3075 seeundum·
685 3041 788 3083 earnem
805 3040 948 3087 moreretur
957 3032 970 3100 ς’
980 3040 1016 3088 sie
1032 3039 1206 3105 baptizamur.

139 3080 444 3139 utpeoeatomoriumur.
806 3130 812 3139 ι

168 3147 311 3198 Notandum
327 3152 354 3198 2⁰
374 3152 441 3213 prud
457 3155 514 3207 haee
532 3164 674 3227 expressio,
692 3167 720 3216 io
737 3176 857 3231 mortem,
869 3173 998 3241 signilloal
1012 3176 1080 3229 hano
1096 3185 1205 3233 mortem

138 3221 251 3285 nostram
259 3218 417 3283 dehereeias
424 3230 583 3293 conuauam,
590 3238 615 3283 et
625 3239 678 3285 toto
687 3240 747 3289 ultre
759 3244 1204 3307 11111111111111111111.1111111

137 3298 226 3336 sumus
236 3291 262 3339 et
273 3290 377 3353 sepulti,
389 3297 419 3342 ut
428 3308 527 3360 semper
538 3304 680 3355 moriamur
692 3309 722 3357 iu
733 3315 846 3370 peceato.

164 3350 310 3408 Notandum
323 3360 431 3425 denique
441 3368 509 3427 quod
519 3368 582 3420 dieii
593 3373 662 3424 idam
672 3376 805 3439 Apostolus
818 3400 826 3430 ε
839 3388 869 3431 ut
881 3383 909 3433 iu
920 3387 1097 3441 nouitateoitoe
1110 3392 1203 3443 umbu-

137 3423 223 3475 lemus.
238 3427 290 3477 Hoe
309 3434 377 3480 enim
397 3434 492 3486 indicat
510 3438 578 3500 quid
595 3445 662 3493 sieut
677 3459 745 3496 mors
759 3454 845 3499 nostra
856 3452 871 3500 h
882 3460 1002 3517 peceato,
1015 3470 1114 3521 semper
1131 3462 1203 3513 dehet

136 3507 264 3557 meseum
279 3498 313 3549 ita
331 3503 384 3563 sita
400 3508 487 3564 gratia
503 3520 608 3571 semper.
621 3512 696 3563 dehet:
710 3517 840 3577 prolicere.
854 3517 910 3570 Non
931 3524 1030 3575 sullicit·
1043 3526 1201 3594 Christiano,

135 3562 202 3623 quiid
215 3566 249 3614 sit
262 3568 290 3616 in
303 3572 383 3629 gratia
396 3572 505 3638 Christi,
516 3577 635 3631 roheria
649 3594 678 3633 aa
698 3587 840 3651 amhulare,
855 3592 994 3656 prolicere,
1010 3596 1042 3645 ad
1053 3598 1201 3661 ampliorem

135 3632 237 3681 tendere
249 3634 438 3697 perlectionem.

165 3700 223 3751 Post
234 3704 366 3768 origenem
372 3710 491 3770 erinitum
498 3751 511 3775 ‚.
518 3716 593 3778 auio·
598 3718 775 3783 hposiolorum
784 3729 906 3793 tempore,
914 3732 1110 3787 Cateohuruenis
1122 3738 1202 3803 expli-

134 3772 186 3818 eari
199 3771 310 3823 solebant
320 3780 380 3825 aule
390 3777 558 3844 baptismum,
571 3787 627 3838 haee
637 3791 795 3855 baptismatis
806 3800 1082 3863 virtusatsignlhtatio
1091 3844 1098 3867 ,
1107 3812 1134 3857 et
1143 3808 1200 3858 ldetl

133 3840 255 3899 uuquam
266 3844 296 3895 de
307 3859 334 3896 re
348 3851 406 3898 uota
422 3848 549 3904 Romanos
558 3858 840 3927 iuterrogathpostoius
852 3882 859 3921 r
870 3883 907 3921 on
915 3872 1039 3935 11111111
1041 3908 1088 3927 .....

163 3908 268 3974 Utinam
280 3916 306 3970 ot
326 3919 418 3976 uostris
436 3917 586 3979 Christianis
601 3926 657 3984 hee
672 3936 733 3987 uota
750 3932 846 4003 terent,
858 3942 884 3997 et
899 3942 929 3995 lu
948 3940 1051 4000 illuster
1068 3948 1199 4005 muttire

297 4035 312 4079 ὦ
1098 4028 1116 4067 .i
