2559 4450
232 267 236 276 ¹
274 236 446 298 taratra
465 237 692 302 sesostris.
711 239 863 301 deuii.
1048 241 1104 301 2⁴1⁹

56 365 58 372 ι
83 335 108 391 9.
128 338 198 394 Puto
220 337 295 394 culm
315 339 393 405 quod
410 341 482 392 licus
536 337 645 388 Tantum
658 341 728 390 enim
746 339 866 390 abestis
883 350 940 392 nos·
1011 351 1103 400 emuss

52 427 98 468 „03
109 417 255 482 Apostolos
263 415 431 469 novissimos
440 429 483 467 03.
505 407 566 466 quin
578 406 628 456 imo
638 407 746 456 arbitror
757 407 824 468 quod
838 407 904 458 Deus
916 421 961 457 nos
993 405 1102 469 postolos

52 494 134 548 [emm
160 499 292 562 [anquam
303 493 386 546 mom
398 492 483 546 desti,
505 476 532 524 in
549 474 636 524 lnllmo
650 475 705 526 loco
725 479 900 538 eonstduerit,
917 482 1038 538 tanquam
1055 476 1102 524 bo·

139 534 148 558 ’
505 543 586 591 mines
606 542 638 591 ad
655 548 763 594 mortem
781 543 912 597 damnatos
922 565 931 606 3
952 547 1044 607 quippe
1057 543 1102 604 qul

506 605 514 670 (
525 609 597 668 quasi
611 611 638 658 iu
649 609 748 660 theatro
757 611 872 661 collocati
882 610 890 674 )
901 617 1043 676 spectamur
1056 623 1102 658 un-

505 675 580 736 dique
598 675 616 726 d·
633 678 743 740 mundo,
761 678 788 728 id
804 683 858 741 est,
872 680 904 731 ab
915 679 1010 742 angelis
1020 683 1046 728 et
1056 679 1102 730 lro·

52 571 211 637 natosrquia
221 571 408 636 spectaculum
417 569 482 623 lacti

51 658 140 698 sumus
154 647 275 711 mundo,
289 646 446 714 etangelis,
455 651 482 699 et

51 722 211 778 bominibus.
505 745 626 796 minibus.

80 817 121 870 ill.
129 815 186 868 llos
194 815 269 869 stulti
275 815 482 884 proptercbrls·
534 814 583 864 ilos
602 818 704 878 propter
719 815 884 880 evangelum
903 815 996 868 Christi
1013 815 1102 867 irride-

51 898 117 958 tnrn‚
130 900 281 947 vosautem
293 894 444 962 prudentes
453 895 481 946 ῑῃ
504 897 563 934 ιιιιιι
573 887 602 933 ut
613 883 697 945 stulti3
708 897 753 934 vos
760 886 819 935 sard
828 889 856 935 in
863 885 992 947 Ecclesia,
1003 887 1102 948 sopien-

51 971 148 1025 qhsisto
162 989 168 1025 :
180 985 232 1026 „03
244 973 360 1036 infirmi,
374 985 424 1024 ,03
432 985 482 1024 au.
504 957 560 1002 tum
571 955 675 1003 nominc
686 953 827 1016 gloriamini
838 974 846 1015 3
859 967 906 1004 nos
916 967 1005 1004 sumus
1021 955 1102 1004 imbe-

51 1053 99 1100 tem
109 1049 195 1103 sortes
208 1067 215 1103 ι
229 1064 278 1103 vos
290 1050 413 1114 nobiles,
429 1063 481 1102 nos

50 1134 133 1180 autem
142 1128 288 1195 ignobiles.

79 1209 120 1258 ιι.
133 1207 228 1272 Usque
245 1205 274 1257 ἰιι
294 1205 368 1258 hanc
383 1205 481 1258 horam
533 1200 556 1254 A
574 1201 759 1266 predicationis
777 1205 866 1266 initio,
888 1201 921 1256 ad
938 1203 1007 1256 banc
1022 1211 1102 1264 usque

505 1023 574 1140 egles
583 1035 648 1140 ,laos
660 1027 747 1072 autem
759 1027 873 1086 potentes
880 1042 889 1086 ς
902 1035 947 1074 vos
959 1023 1036 1085 clari,
1054 1020 1101 1073 nos

505 1103 519 1140 o
537 1104 614 1141 scur.

74 1355 103 1403 dt
113 1353 212 1404 atinum
221 1351 258 1403 t...
268 1365 320 1402 non
331 1352 431 1402 invideo
440 1390 446 1414 ,
456 1337 572 1414 quinimo
586 1358 675 1416 exopto
687 1372 694 1405 ι
707 1353 845 1404 dummodo
860 1352 919 1404 verb
927 1353 962 1404 ed
973 1355 1100 1411 ιιιιιιιιιι,

49 1423 107 1473 etad
120 1429 262 1474 vestrorum
273 1421 432 1472 subditorum
443 1423 551 1472 salutem
563 1425 683 1485 regnetis.

76 1501 102 1548 Ut
112 1506 134 1548 et
143 1513 190 1548 aes
200 1511 245 1558 per
259 1494 408 1548 charitatem
418 1497 495 1546 vestrl
506 1497 566 1546 boni
577 1500 712 1562 participes
724 1499 807 1549 effecti
822 1498 951 1549 vobiscum
961 1509 1099 1560 reqmmss.

74 1585 95 1630 ι).
109 1583 176 1631 Puto
188 1579 253 1630 enim
266 1577 361 1641 qaod...
372 1578 480 1641 Opponit
491 1592 564 1628 suam
575 1582 600 1628 et
611 1591 730 1630 verorum
741 1579 916 1644 Apostolorum
926 1582 1005 1630 vitam
1013 1617 1020 1640 ,
1029 1591 1101 1630 vana

48 1650 147 1700 etmolll
163 1649 257 1698 baram
271 1649 407 1698 Doctorum
419 1650 496 1710 altars
510 1653 539 1698 ut
553 1661 594 1698 eos
607 1647 752 1713 pudefactus
762 1686 770 1712 ,
780 1649 813 1699 ad
823 1653 902 1702 sitam
915 1649 1100 1714 Apostolicam,

49 1718 115 1778 iqrrn
134 1717 208 1778 longe
219 1716 363 1776 distabant,
377 1714 489 1776 alliciat,
506 1715 626 1778 impellat.

75 1789 183 1838 Tantum
202 1789 270 1836 enlm
286 1787 355 1835 abest
371 1789 400 1834 ιιι
418 1798 464 1834 nos
479 1799 627 1847 regnemus3
642 1786 771 1848 quinimo,
785 1788 910 1847 arbitror,
924 1800 968 1838 seu
983 1788 1100 1847 videtur,

48 1857 107 1918 quid
120 1857 188 1906 Deus
204 1871 249 1905 uos
262 1855 408 1918 Apostolos,
423 1857 450 1904 ln
465 1855 566 1905 inllrmo
583 1858 742 1906 consuluerit
759 1855 830 1916 loco,
844 1862 966 1916 tanquam
983 1855 1101 1906 homines

49 1927 75 1975 ad
92 1932 202 1978 mortem
215 1925 359 1975 destinatos.

77 2003 186 2052 Ostendit
205 2021 215 2051 .-
235 2000 382 2061 coustltuit,
395 2001 433 2050 alt
449 1998 506 2063 Syr.
519 1997 579 2050 ieelt
596 1995 700 2048 ultimos
714 2001 836 2060 tanquam
853 2011 910 2050 roos
921 2001 948 2049 et
958 1997 1099 2050 mmnatos.

48 2070 73 2121 ll.
83 2072 285 2135 chrysostomus.

74 2147 225 2196 durissimos
236 2144 310 2206 elegit
322 2142 585 2203 salamanassar
596 2141 700 2192 Tertull.
712 2143 739 2193 id
751 2145 798 2202 est,
806 2142 937 2193 damnatos
947 2143 979 2194 ad
989 2143 1098 2194 betiass

48 2218 150 2278 speciem
167 2228 213 2278 pro
230 2225 321 2276 genera
332 2232 339 2264 z
352 2225 406 2265 sors
421 2211 514 2263 horum
526 2211 662 2263 bominum
674 2216 728 2263 erat
740 2214 856 2263 amnium
874 2211 1101 2277 insumerem·

47 2286 149 2335 maxime
164 2286 288 2346 opposita.

74 2357 135 2407 ilinc
146 2351 295 2417 Apostolus,
309 2355 442 2415 postquam
454 2349 501 2401 hos
520 2351 634 2403 doctores
651 2353 681 2403 tu
694 2351 787 2403 throno
805 2352 952 2415 collocavit,
965 2365 993 2405 se
1003 2357 1029 2405 et
1038 2354 1101 2406 alios

47 2422 171 2488 Apostolos
187 2425 214 2471 la
229 2421 316 2471 inllmo
329 2422 459 2471 constituit
475 2420 540 2470 loco.

75 2492 213 2555 depactiss
230 2490 262 2539 lli
272 2502 318 2539 nos
334 2488 461 2552 Apostoli,
476 2490 590 2539 omnium
606 2487 753 2540 mortalium
767 2489 884 2541 vilissimi
895 2495 921 2542 et
938 2492 1100 2554 abjectissimi
1156 2548 1159 2552 ,

47 2576 148 2623 sumus;
163 2562 235 2623 qussi
247 2559 279 2609 ad
290 2560 395 2620 bestias,
407 2562 452 2609 aut
468 2560 538 2620 ignes
555 2558 678 2609 damnati.
695 2560 771 2610 Valde
781 2561 889 2612 dolentis
906 2566 931 2612 et
946 2576 988 2613 eos
1006 2564 1101 2626 pudore

46 2634 175 2682 afficientis
184 2628 258 2699 verba
269 2633 329 2678 sunt
343 2628 413 2689 hec,
427 2630 464 2677 alt
473 2628 503 2677 b.
514 2628 707 2691 Chrysostomus
718 2651 725 2679 t
736 2630 859 2693 pudorem
869 2631 1011 2683 inducentis
1024 2633 1101 2684 acrba

46 2708 116 2764 sunt,
131 2704 170 2751 alt
185 2698 393 2762 theophylactus.

76 2782 142 2840 outa
155 2775 356 2840 spectaculum...
366 2772 409 2824 Gr.
425 2774 534 2832 θιατιον,
550 2785 597 2839 pro
608 2774 640 2829 ii's
650 2780 694 2841 qul
710 2784 864 2843 spectantur.
874 2780 1004 2845 namneti,
1015 2796 1060 2835 sen
1069 2786 1102 2837 ad

45 2848 146 2910 bestias,
158 2860 203 2898 seu
216 2846 248 2895 ad
260 2847 337 2907 ignes,
348 2847 374 2895 lu
383 2846 482 2895 theatro
492 2846 616 2908 collocati,
626 2850 736 2912 superne
744 2852 922 2915 spectabantur
930 2852 963 2903 ab
973 2855 1101 2919 omnibus,

45 2929 129 2968 eorum
140 2916 258 2968 ludibriis
269 2914 383 2976 expositi.

73 2989 100 3038 ln
110 2988 160 3037 bac
170 2998 229 3049 ergo
239 2984 407 3033 similitudine
419 2994 523 3047 pergens
536 2984 670 3049 Apostolus
680 3025 686 3049 ,
698 2988 753 3039 nite
767 2990 917 3055 Quippe'qut
925 3031 932 3054 ,
941 2997 1063 3057 tanquam
1074 2996 1102 3047 ιιι

45 3056 140 3179 {bactro
159 3056 291 3127 collocati,
304 3055 336 3104 ab
347 3054 465 3105 amnibus
478 3060 621 3118 spectamur
632 3061 658 3107 ct
668 3063 784 3111 omnium
795 3074 843 3111 nos
855 3067 1024 3125 spectantium
1033 3064 1102 3117 ludi-

61 3128 103 3177 rii's
113 3127 274 3190 exponimur.

74 3204 180 3264 dunum
197 3198 289 3261 idest,
304 3196 403 3263 Angelis
415 3202 441 3251 et
457 3198 616 3261 bominibus,
631 3204 675 3263 qui
693 3206 755 3253 sant
770 3207 850 3255 nmtri
869 3205 1014 3260 certaminis
1028 3221 1102 3275 spes-

47 3272 143 3321 latores.

73 3360 110 3407 io.
122 3352 173 3406 Nos
185 3350 257 3403 stulta·
267 3358 371 3417 propter
386 3350 511 3403 manans
518 3369 529 3416 ,·
540 3352 566 3403 id
581 3356 634 3415 est,
646 3358 747 3418 propter
757 3356 923 3421 Evangelium
936 3360 1043 3424 Christi,
1055 3377 1102 3416 uos

42 3424 194 3485 irridemur,
209 3428 237 3475 ut
249 3422 328 3475 stulti.
346 3423 392 3473 Vos
405 3430 488 3474 numm
501 3426 632 3488 prudentes
652 3426 679 3474 ia
695 3427 791 3476 Christo
798 3445 809 3490 ,·
821 3430 847 3479 id
869 3435 922 3493 est,
936 3446 981 3482 vos
996 3432 1055 3484 sord
1074 3438 1101 3488 ln

47 3496 130 3544 eodeni
146 3490 281 3555 Evangelio
300 3492 459 3555 predicando
479 3496 608 3556 sapientie
622 3493 808 3558 eteloquentloe
825 3498 930 3561 gloriam
946 3505 1077 3565 acquiritis
1091 3524 1100 3557 s

45 3561 307 3626 pseudoapostolorum
318 3563 457 3611 vanitatem
467 3564 565 3625 punglt.

71 3630 287 3764 Ῑ[ιιιιιὲιιιιιὰιιιίιιιῖι
299 3634 327 3680 ιιι
343 3631 429 3693 stulti,
445 3642 490 3683 sos
505 3634 533 3682 is
547 3623 659 3683 Ecclesia
676 3637 818 3698 sapientum
837 3642 862 3689 ct
880 3639 1034 3705 prudentum
1053 3656 1102 3695 no-

47 3716 70 3754 m
81 3715 112 3752 ne
153 3714 233 3751 oriam
245 3714 280 3751 n.

75 3778 124 3829 Nos
134 3776 250 3839 infirmi,
263 3774 572 3841 imbeeiiiemscsserte,
584 3781 826 3843 respuerimus
839 3782 949 3845 mittes,
964 3784 1025 3839 clari
1031 3806 1040 3851 ς
1055 3800 1104 3842 nos

47 3844 145 3900 obscuri
160 3844 304 3908 stingion'r.
434 3868 437 3873 ·

79 3936 116 3989 tt.
134 3930 213 4001 Usque
227 3928 255 3983 tn
272 3928 335 3986 bone
352 3926 481 4015 borum...
502 3928 547 3983 bio
562 3940 651 4003 eorum
669 3930 803 4017 moltitiem
811 3936 928 3988 seranus
943 3955 950 3990 ι
964 3932 1020 3990 iac
1033 3941 1102 3991 enim
