2559 4450
335 735 462 837 nn.
488 731 804 866 nannrco
941 786 1009 937 ,Μ
1090 840 1094 868 2

31 979 513 1130 FAYDE‘AU
574 970 711 1122 DE
769 971 1076 1135 BROU‚

15 1267 17 1324 i
92 1258 336 1336 ffllddbiisliili
346 1256 523 1338 bststoso,
535 1255 620 1313 nbat
633 1253 835 1313 att-omos
846 1254 1020 1312 consum.

480 1445 610 1466 ιι*

29 1554 121 1653 Hirro
130 1595 258 1654 insancti
269 1597 349 1652 Pauli
360 1597 497 1667 Epistolas
508 1587 920 1668 expositioncmoiierenstibi,
932 1606 1086 1650 mramms·

27 1701 85 1740 smn
95 1697 224 1740 sommia
235 1685 374 1751 imeras,
390 1695 449 1740 non
461 1690 518 1740 tam
532 1683 639 1740 donum
654 1679 755 1747 abero,
766 1679 851 1748 quim
864 1677 942 1748 quod
952 1683 1032 1734 taam
1043 1679 1087 1734 est

26 1769 153 1822 exhibeo.

15 1859 16 1920 ᾗ
58 1856 147 1906 Totus
161 1851 236 1906 enim
250 1856 317 1908 tans
336 1855 380 1906 est
399 1851 563 1919 Apostolus,
583 1862 669 1918 quem
685 1847 773 1903 babes
788 1846 819 1900 in
835 1850 942 1914 mente,
959 1845 990 1900 in
1000 1845 1094 1920 corde=

26 1937 117 2004 geris,
135 1935 268 2004 exprimis
282 1949 425 2001 ammone,
444 1935 618 1989 demonstras
633 1933 665 1986 in
681 1945 775 2000 opere.

56 2025 148 2088 Tuus,
161 2019 287 2089 inquam,
299 2019 454 2075 certissime
465 2025 542 2073 totus
557 2023 600 2073 est
611 2021 726 2072 sanctus
733 2015 845 2081 Paulus,
856 2013 936 2083 etrjm
946 2013 1089 2069 emiestem

24 2105 197 2171 doctrinam,
208 2104 257 2158 tud
272 2103 383 2159 sublimi
400 2103 531 2169 scientit;
544 2101 625 2170 cnjus
645 2101 815 2155 eminentem
835 2100 1027 2165 sanctitatem,
1040 2097 1090 2154 tua

24 2188 157 2254 singuiaai
177 2183 299 2256 pietate}
317 2187 397 2256 euJ'us
414 2185 535 2243 divinam
553 2185 760 2255 eloquentiam,
780 2183 828 2238 tna
847 2183 925 2237 suavi
938 2181 1088 2250 facundia3

25 2270 103 2331 cuius
123 2268 310 2331 apostoticam
325 2274 416 2323 zetum
427 2276 458 2339 ot
470 2272 621 2322 innantem
639 2268 866 2333 solticitudinem,
880 2265 993 2320 assiduo
1007 2270 1035 2320 et
1046 2265 1091 2321 vi-

25 2346 206 2413 gilantissimo
220 2341 402 2414 Episcopatds
420 2352 462 2405 tui
481 2352 632 2419 regimine,
646 2351 683 2405 ad
704 2352 796 2404 vivum
812 2353 1011 2418 representas,
1030 2362 1091 2406 non

25 2432 68 2483 ubi
79 2428 327 2497 ambianensium,
339 2430 426 2485 sedet
441 2430 492 2485 toti
507 2434 656 2485 Galliarum
671 2434 813 2487 Ecclesiae.

56 2514 170 2568 Addere
186 2513 286 2579 liccat,
299 2526 496 2570 rotnsrmssmn
507 2516 636 2581 Passus,
652 2513 708 2568 boc
718 2519 847 2567 nostrum
860 2515 890 2567 in
907 2515 997 2570 saneti
1011 2514 1092 2571 Pauli

24 2598 161 2664 Epistoias
173 2610 262 2665 opus,
274 2603 354 2652 tunm
371 2612 449 2665 esse,
464 2598 542 2667 qnod
561 2597 687 2651 futurum
698 2596 849 2665 praevidisti
857 2616 867 2665 ;
881 2594 919 2655 ,et'
934 2599 1099 2675 praedieens,

23 2684 91 2734 istut
105 2681 252 2749 inspirasti
260 2698 270 2749 ς
282 2681 361 2750 qaod
380 2682 546 2750 conceptum
564 2680 672 2749 iovisti;
691 2680 769 2750 quod
781 2680 949 2750 formatum,
961 2684 1093 2755 benignis

22 2767 107 2818 oculis
118 2765 276 2834 aspexisti;
294 2779 413 2820 nascens
430 2771 458 2819 et
469 2766 601 2820 iniucem
622 2765 774 2834 prodiens,
785 2766 934 2835 adoptasti.

54 2850 156 2903 Patere
169 2855 266 2903 tamen
276 2862 323 2903 me
334 2846 384 2903 irbi
393 2853 473 2903 tuum
485 2846 599 2914 offerre,
612 2850 870 2915 Postumianae
882 2865 1090 2922 rnnosrarssnts,

22 2940 48 2985 nt
66 2934 104 2985 ab
117 2932 208 2987 oculis
218 2932 291 2999 tuis,
307 2938 357 2987 tuo
371 2933 657 3001 prasidiomunttus,
672 2936 794 2987 transeat
803 2934 840 2987 ad
851 2934 938 3003 alios3
950 2948 1090 3009 opusque,

20 3018 97 3080 quod
106 3016 249 3071 haetenus
260 3016 383 3085 quodam
402 3016 486 3070 modo
498 3028 592 3073 meum
609 3016 678 3083 fuit,
693 3022 743 3071 tuo
758 3018 912 3073 clarissimo
924 3019 1038 3074 nomine
1054 3020 1092 3076 ii-

18 3100 169 3153 lustratum
182 3105 211 3154 et
223 3100 424 3167 approbatione
442 3098 595 3167 firmatum,
615 3101 749 3169 deinceps
768 3100 804 3156 sit
819 3102 959 3170 omnium,
979 3115 1014 3159 ac
1027 3118 1093 3174 spe-

18 3183 114 3235 ciatnn
124 3182 257 3236 omnium
268 3184 398 3239 Ecclesiae
410 3190 465 3237 tuae
476 3183 674 3239 idinistrornm.
836 3193 841 3201 ’

47 3265 157 3319 Notum
167 3272 213 3320 est
223 3266 366 3333 omnibus,
382 3282 579 3324 rmnsrnrssrrrs
591 3270 714 3334 hasdi,
730 3273 835 3337 quanto
847 3268 940 3324 studio
951 3275 979 3324 et
991 3268 1092 3327 ardore

16 3347 117 3415 diligas
139 3348 251 3403 ordinis
271 3352 449 3406 ecclesiastici
469 3352 600 3407 decorem
615 3358 644 3408 et
663 3352 858 3407 sanctitatem:
871 3353 989 3421 qualiter
1006 3352 1092 3421 buius

15 3432 130 3486 decoris
142 3434 207 3487 zelo
228 3448 357 3501 pressus,
375 3435 566 3490 adolescentes
589 3435 681 3504 ipsos,
699 3436 792 3489 statim
803 3435 820 3489 d
831 3450 881 3500 sua
899 3436 1019 3491 clericali
1037 3438 1092 3493 ad-

15 3517 190 3583 scriptione,
204 3530 286 3571 cnres
305 3518 336 3571 in
357 3518 488 3573 omnibus
504 3518 638 3573 doctrinae
656 3524 685 3573 et
698 3519 809 3587 pietatis
820 3520 958 3575 exercitiis
970 3522 1071 3576 instrui
1079 3540 1096 3591 3,

15 3600 84 3664 piis,
108 3600 264 3669 doctisque
282 3600 423 3670 magistris
441 3602 547 3671 ubique
565 3602 739 3668 distributis,
752 3602 802 3672 qui
821 3609 886 3658 tuos
904 3605 1043 3672 Ciericos,
1060 3606 1092 3663 in

15 3688 58 3733 tua
76 3684 203 3738 dioecesi
212 3723 221 3752 ,
230 3684 288 3739 imd
301 3691 328 3740 et
348 3692 425 3743 extra
441 3684 610 3753 dioecesim,
623 3686 754 3741 scientias
765 3686 885 3742 doceant
897 3688 1043 3758 humanas,
1056 3703 1091 3747 ac

15 3765 161 3835 praecipue
176 3766 294 3823 divinas.
365 3768 369 3775 '
617 3762 620 3767 ¹
689 3787 698 3804 ³

43 3851 156 3904 Notum
169 3859 214 3905 est
225 3852 329 3919 quanta
346 3852 431 3919 curt,
445 3858 607 3921 quantoque
618 3850 718 3911 affectu
729 3853 934 3921 provectiores,
948 3855 1035 3909 saeris
1046 3870 1091 3911 or·

15 3931 261 4003 ninibusiamiam
278 3934 448 4004 initiandos,
462 3942 511 3991 aut
529 3936 627 3991 recens
638 3932 777 4002 initiatos,
791 3942 824 3991 tu
843 3937 905 4011 ipsa
922 3935 1035 4007 foveas,
1047 3938 1090 3996 eis

15 4015 816 4163 ncubansiretntarisputtiaqwffifflgstfflss
845 4029 849 4035 ’
927 4112 962 4172 ι
1013 4101 1133 4174 Α
