2559 4450
171 407 224 471 ipso
245 406 352 471 Petrus;
374 408 471 460 scilicet
491 408 602 473 aliquam
617 411 768 465 matronam
790 424 850 464 rem
861 406 1106 475 circumducendi,
1119 405 1193 461 'sicut
1206 411 1229 461 et

171 472 341 524 drusianam
360 476 494 527 nobiscum
514 478 640 539 ducendi,
662 490 719 540 que
739 480 769 527 ut
791 487 883 542 Μή
913 486 1050 554 Apostoli,
1075 491 1105 541 er
1133 486 1229 541 rfatres

171 544 393 663 wrorbnobiscutn}
409 546 514 609 vivens,
533 546 564 597 de
586 547 659 598 nobis
678 546 770 611 predi·
791 562 918 629 Domini,
932 562 1099 631 etcephsst

171 624 219 663 can
257 626 287 663 us
300 626 385 663 cure.
991 637 1019 641 ··

202 681 252 729 Aut
268 680 331 731 iorte
340 681 408 731 solus
420 692 464 745 ego
475 684 500 733 et
509 681 653 744 Barnabas,
665 682 715 732 hoc
726 684 769 743 jus
825 677 853 728 6.
863 676 919 727 Aut
928 687 982 741 ego
993 674 1081 738 801118»
1090 678 1124 727 θῑ
1133 674 1232 726 ΒΜ·

172 748 217 814 (ex
234 751 370 813 Evangelio
385 754 505 815 vivendi,
518 758 542 805 et
555 757 624 817 piam
634 752 768 803 mulierem
790 752 854 817 bas,
874 766 932 804 non
952 751 1088 805 habemus
1108 756 1232 819 petesu-

172 819 306 871 noltiseum
316 819 443 883 ducendi)
457 833 509 871 aon
520 820 662 873 hammus?
791 836 848 885 tem
866 829 923 882 1100
936 828 1092 895 operandi?

201 912 262 973 Quis
273 913 345 963 miles
357 913 487 977 stipendiis
495 914 595 975 aduce,
607 917 650 966 cul
661 914 768 977 militat,
787 963 793 973 ,
825 913 853 965 .'1·
864 907 931 971 Quis
942 906 1113 959 mffilatfflis
1129 907 1232 973 Βῑῑθθῦ·

171 987 281 1047 aooepiis
294 997 346 1035 non
364 988 452 1035 vivat?
463 988 520 1048 quis
535 988 629 1037 vinitor
643 985 674 1035 de
688 988 770 1038 vinea
792 988 846 1041 diis
868 985 1012 1054 unquam?
1037 985 1107 1048 Quis
1132 986 1233 1052 plantat

202 1152 288 1203 Vester
298 1150 431 1215 Apostolus
450 1151 509 1202 otim
529 1153 593 1211 sim,
605 1152 648 1211 lus
666 1152 691 1198 et
703 1152 851 1211 potestatem
862 1147 1043 1208 consequenter
1054 1144 1160 1208 habeo,
1173 1145 1235 1207 quod

172 1218 266 1271 hbent
287 1222 332 1271 alii
352 1220 479 1283 Apostoli,
498 1224 524 1270 et
541 1220 648 1280 iratres,
665 1230 708 1267 seu
724 1220 821 1279 cognati
839 1217 955 1274 Domini,
969 1215 1096 1273 loannes,
1110 1214 1232 1272 Iacobus,

171 1288 266 1350 ludus,
279 1294 304 1339 et
315 1292 416 1350 Simon,
426 1294 452 1339 et
464 1303 514 1353 quo
526 1292 578 1352 ipsc
589 1286 763 1351 Apostolorum
775 1286 909 1347 Princeps,
924 1284 1028 1345 Petrus,
1039 1286 1145 1334 utiturr

174 1386 178 1391 =
202 1358 302 1408 Scilicet
324 1363 468 1409 matronam
480 1358 601 1421 ‘aliquam
621 1356 790 1407 Christianam
809 1356 942 1406 nobiseum
961 1352 1089 1413 ducendi,
1111 1366 1193 1415 qnae,
1209 1356 1234 1401 ut

172 1440 258 1489 soror,
276 1427 408 1477 nobiscum
430 1428 531 1485 vivens,
549 1427 621 1475 curet
642 1424 673 1472 de
691 1424 780 1484 nobis,
792 1426 895 1485 suisque
915 1421 1076 1474 facultatibus
1091 1425 1234 1473 necessaris

174 1496 246 1559 nobis
263 1494 457 1557 candicantibus
469 1494 651 1543 subministret
663 1491 700 1541 lta
713 1493 794 1541 saneti
805 1491 889 1542 Patres
900 1490 980 1540 Graeci
991 1494 1017 1540 et
1031 1491 1129 1541 Latini.

201 1564 324 1625 Equidem
335 1562 385 1615 hoe
398 1562 453 1613 loco
465 1566 603 1622 novantes,
616 1562 704 1609 contra
714 1555 888 1612 veremudum
896 1563 1042 1613 sanctornm
1053 1560 1167 1611 Petrum
1177 1574 1234 1611 aue-

173 1634 317 1692 toritatem,
336 1631 409 1681 abusi
437 1635 513 1693 sunt;
532 1640 677 1689 nomenque
694 1635 792 1687 γυναῖκα
810 1629 878 1691 quod
902 1630 1025 1691 significat
1050 1628 1192 1682 mulierem
1211 1635 1233 1682 ia

171 1711 277 1762 genere,
291 1712 396 1754 uxorem
405 1702 649 1765 interpretationum
664 1701 694 1747 ut
711 1699 777 1762 plebi
791 1700 970 1763 persuaderent
980 1698 1112 1763 Apostolos
1126 1705 1157 1750 et
1174 1703 1235 1750 Pau-

170 1768 226 1820 lum
243 1768 319 1820 inisse
337 1772 497 1835 conjugatos5
515 1774 646 1821 eteorum
665 1770 778 1837 exemplo
796 1767 924 1831 sacrilegia
938 1770 992 1822 suis
1012 1772 1234 1835 patrocinarentur

173 1840 306 1903 conjugiis.
361 1869 363 1873 .

201 1909 250 1960 Sed
269 1908 437 1960 Tertullianus
456 1907 501 1981 lib3
517 1908 548 1971 de
567 1908 665 1973 llonog.
678 1924 701 1960 o.
714 1915 739 1961 8.
757 1909 786 1961 it.
798 1908 966 1972 Hieronymus
981 1910 1054 1980 epist.
1073 1912 1115 1962 22.
1134 1912 1233 1970 etalii,

175 1992 237 2043 quos
247 1980 333 2030 videre
348 1983 385 2029 est
398 1978 466 2043 apud
477 1978 659 2030 Bellarmlnum
670 1980 702 2029 de
712 1979 793 2030 calio.
806 1976 903 2030 sacerd.
917 1978 1008 2028 docent
1023 1978 1140 2044 cupresso
1154 1982 1235 2030 nullos

171 2048 359 2111 Apostolorum,
370 2054 459 2115 praeter
473 2061 554 2103 unum
567 2048 685 2111 Petrum,
699 2043 817 2101 habuisse
830 2059 953 2097 uxorem:
967 2047 1043 2109 idque
1054 2052 1115 2098 ante
1125 2062 1235 2102 eonver-

174 2120 280 2169 sionem.

202 2187 273 2250 Quod
291 2187 350 2240 veri
362 2190 391 2240 o.
402 2182 504 2240 'Paulus
523 2182 621 2254 semper
634 2186 723 2260 celebs
737 2186 827 2249 luerit,
845 2182 944 2241 constal
956 2198 988 2236 ex
999 2187 1133 2254 ipsiusmet
1152 2191 1236 2240 verbis

172 2256 250 2319 hujus
261 2258 341 2321 Epist.
353 2273 377 2308 c.
389 2263 414 2308 7.
427 2274 455 2310 n.
471 2264 485 2308 7
502 2263 528 2325 et
542 2264 566 2310 8.

173 2383 175 2388 ¹
202 2326 316 2378 llaeretioi
330 2341 411 2378 unum
423 2331 502 2378 citant
511 2332 628 2380 sanctum
639 2328 794 2378 (dementem
805 2325 1002 2377 Alexandrinum
1015 2345 1023 2377 ι
1038 2326 1082 2378 sed
1094 2327 1159 2391 quid
1169 2344 1236 2380 unos

172 2400 259 2448 contra
273 2410 360 2448 omnes
371 2398 448 2460 alios,
465 2401 508 2460 qui
519 2402 611 2460 negant
621 2397 753 2448 absoluti?

200 2467 320 2518 Praeterea
331 2467 445 2518 Clemens
457 2459 635 2518 hereticorum
653 2479 735 2517 cause
746 2478 798 2516 non
814 2465 895 2527 iavet,
906 2464 950 2515 sed
962 2465 1047 2529 potiris
1065 2467 1146 2518 cilicii
1156 2483 1165 2519 s
1178 2475 1235 2534 quia

170 2535 241 2586 addit
253 2537 377 2598 Paulum,
389 2540 435 2587 etsi
449 2551 552 2588 uxorem
563 2537 749 2599 habueritente
760 2539 968 2596 conversionem,
985 2548 1038 2586 nou
1053 2537 1169 2602 amplius
1182 2545 1234 2605 post

171 2609 361 2658 conversionem
378 2607 509 2670 habuisse,
522 2610 551 2656 ut
567 2617 680 2656 uxorem.

202 2675 287 2726 ditant
297 2680 322 2727 et
337 2675 473 2739 Epistoiam
484 2676 513 2726 l).
528 2677 617 2738 ignatii
628 2675 661 2724 ad
674 2673 872 2738 philadelphios:
880 2674 925 2723 sed
936 2673 1027 2726 aaron
1037 2687 1082 2726 an.
1092 2677 1135 2727 ii.
1144 2681 1233 2741 probat

173 2757 265 2794 nomen
279 2747 331 2796 divi
345 2747 415 2795 Pauli
426 2747 488 2795 liuto
504 2745 639 2808 exemplari
653 2747 778 2796 insertum
793 2759 847 2796 csse
857 2747 873 2796 a
883 2745 976 2796 uraca
991 2744 1092 2798 olenus
1108 2755 1233 2801 repentio

171 2814 251 2863 ribus.
268 2814 329 2865 Vide
346 2815 478 2876 Tyrinum.

199 2881 285 2942 itaqua
306 2895 350 2944 por
363 2880 461 2944 euripus
472 2885 583 2943 poiens,
596 2883 725 2947 intellige,
739 2884 909 2936 comminuam
920 2885 1055 2937 mulierem
1067 2905 1076 2949 ς
1086 2889 1159 2940 stom
1173 2891 1231 2942 aliti

168 2961 213 3018 per
226 2945 304 3014 ἄνδρα
319 2948 426 3013 ἀδελφοὶ,
443 2953 592 3014 intelligitur
603 2956 654 3016 riri
667 2955 771 3017 iratres,
781 2955 904 3006 non'verd
916 2957 1011 3005 mariti.

199 3037 223 3084 ii.
234 3035 284 3084 Aut
296 3047 340 3098 epo
349 3032 418 3086 sotir
427 3041 450 3085 et
459 3035 622 3087 Bersabee...

199 3103 274 3166 Quasi
286 3106 399 3158 diceret:
414 3104 495 3168 Quare
511 3106 579 3156 solus
591 3107 762 3159 Barnabas&
771 3120 830 3171 ego,
843 3111 888 3170 qui
897 3107 1015 3159 eumdem
1025 3121 1089 3160 cum
1098 3110 1153 3163 iliis
1166 3114 1232 3178 Apo-

169 3174 287 3225 stolatum
297 3178 423 3239 gerimus,
433 3175 547 3228 eamdem
557 3189 607 3227 non
618 3177 769 3228 haberemus
779 3181 940 3241 potestatem,
949 3178 1067 3240 idemque
1075 3183 1130 3243 jus,
1141 3183 1230 3232 edendi

168 3245 279 3306 scilicet,
288 3258 333 3295 seu
341 3245 443 3296 vivendi
455 3257 485 3295 ex
498 3245 645 3309 Euangeli03
655 3249 681 3295 et
689 3244 822 3296 mullerem
833 3245 1057 3309 circumducendi,
1069 3252 1133 3311 ete„
1142 3250 1231 3313 dequo

168 3315 196 3361 in
209 3325 283 3364 versu
295 3316 440 3378 superiore?
458 3335 461 3342 ·
614 3347 619 3354 -
646 3339 649 3344 ·

198 3383 279 3445 Sunt,
294 3385 361 3434 sicut
377 3384 451 3435 nobis
468 3383 586 3435 omnihus
599 3397 645 3450 par
658 3387 697 3437 est
713 3381 841 3448 conditlo;
852 3386 888 3436 lta
900 3387 926 3435 et
941 3385 1058 3436 omnilm
1066 3389 1130 3449 iura
1145 3394 1230 3454 paria,

168 3448 226 3501 lieet
241 3452 277 3503 eis
287 3455 381 3516 pariter
391 3463 444 3504 non
455 3457 568 3504 omniur.
607 3509 611 3516 ,
717 3478 720 3482 ·
934 3471 938 3477 ’

197 3537 222 3584 r.
238 3535 299 3594 oue
310 3536 404 3587 mittet
415 3537 469 3586 sue
478 3535 607 3600 respersae
616 3534 834 3598 sepnor...tus
848 3518 982 3586 mulierem
993 3533 1170 3590 mammam
1182 3545 1231 3591 ur-

167 3601 335 3686 cumduoendi
344 3638 352 3665 ,
362 3605 472 3667 tetigisse
481 3607 616 3655 contentus
624 3641 632 3666 ,
639 3598 728 3654 multis
735 3607 890 3667 argumentis
902 3605 991 3668 probat
999 3607 1042 3668 jus
1052 3614 1084 3654 ex
1094 3604 1230 3672 Evangelio

165 3671 279 3791 Vlffld
288 3741 377 3806 probat
388 3741 451 3793 illud
462 3743 494 3794 ab
506 3719 828 3810 examplisconsnetudinis
838 3742 967 3794 humanae.

196 3809 377 3874 sicutaeqnum
388 3816 439 3872 est,
450 3816 480 3862 ut
490 3812 563 3864 miles
574 3812 708 3876 stipendiis
719 3816 805 3875 vivat,
817 3825 874 3876 que
885 3815 901 3863 i
912 3813 995 3876 duce,
1005 3817 1048 3864 cal
1059 3816 1175 3883 militat,
1188 3836 1229 3872 ae·

166 3877 241 3936 cipit;
253 3880 319 3926 sicut
330 3891 429 3940 aequum
440 3884 490 3940 est,
499 3885 528 3930 ut
536 3883 630 3931 vinitor
641 3881 761 3932 desinere
770 3881 952 3932 suaeiructiltus
962 3884 1096 3935 commata
1108 3892 1136 3938 et
1146 3901 1228 3953 pastor

166 3939 499 4065 ἓῑὲῗιὲῑθῖἱοςτὲἰξῑὲῃξωεῑυτ
511 3965 518 3996 2
530 3949 566 4040 ita
574 3962 624 4016 per
642 3953 668 3998 et
684 3960 785 4019 mutan
800 3955 852 4012 est,-
869 3955 898 4000 ut
913 3951 1044 4008 inmunes
1053 3954 1190 4020 Evanpuu
1202 3975 1227 4009 ox

170 298 226 370 'sea
364 268 1038 370 aaranna1sroiatinconirtr-nros
