2559 4450
175 258 229 315 806
364 258 496 315 PRIHAE
515 255 718 315 bristou
735 256 785 314 Ab
802 254 1048 313 coemamus

104 498 111 511 ,
174 447 1250 505 ῶκκοοοοκκοὶκκκκκκκκκκκκκκκκκκκκοοκοοοωκκκ

334 673 597 760 ANALYSIS
623 670 834 815 GAPdTIS
862 670 1096 758 SEPTIMI.

176 1038 278 1141 Vama
291 1082 403 1138 resolvit
413 1080 497 1135 dubia
510 1078 563 1133 sibi
578 1077 595 1132 1
606 1075 755 1133 corinthiis
767 1074 911 1144 proposita
922 1073 997 1130 circa
1011 1076 1199 1146 coniugium,
1214 1078 1246 1130 vi·

176 1166 310 1222 duitatem
322 1172 350 1220 et
358 1166 551 1233 virginitatem.

200 1253 336 1305 *Primum
352 1250 481 1303 dubium.
493 1250 565 1301 Num
583 1245 733 1316 christiano
750 1242 875 1310 homini,
891 1256 943 1310 per
955 1244 1091 1312 Spiritum
1117 1248 1244 1301 Sanctum

175 1340 286 1400 renato,
299 1334 381 1387 liceat
394 1348 463 1387 usus
474 1329 663 1384 matrimonii?

210 1414 372 1486 Respondet
384 1418 461 1485 quod
477 1416 576 1469 melius
590 1412 705 1481 quidem
720 1412 792 1466 ioret
804 1412 840 1465 ab
852 1426 888 1466 eo
906 1412 1064 1478 abstinere3
1081 1421 1206 1482 propter
1216 1416 1244 1464 ri-

176 1504 276 1557 taudas
288 1509 380 1556 tamen
390 1500 579 1567 impuritates,
591 1496 732 1565 coniugati
740 1497 898 1551 cohabitare
909 1502 1041 1565 pergant,
1051 1504 1192 1552 mutuum
1202 1499 1243 1549 sibi

177 1584 302 1637 debitum
314 1583 451 1647 reddant3
465 1595 517 1634 nec
525 1594 587 1633 sese
599 1586 729 1647 separent
741 1580 796 1633 nisi
807 1595 841 1634 ex
851 1594 991 1633 consensu
1003 1582 1126 1647 mutuo,
1141 1584 1181 1635 ad
1189 1589 1244 1634 tem·

176 1682 247 1735 pus,
261 1674 289 1721 et
309 1672 340 1719 ut
351 1666 472 1720 orationi
488 1662 641 1719 serventibs
655 1669 754 1717 vacent
765 1669 793 1718 et
808 1662 907 1731 puribs
919 1680 927 1718 t
939 1668 1004 1729 post
1018 1664 1097 1730 quod
1122 1671 1242 1731 tempus,

93 1781 98 1790 .
176 1752 253 1805 idem
265 1749 455 1805 familiaritatis
468 1750 668 1803 commercium
678 1753 821 1815 repetant3
839 1748 917 1815 quod
927 1752 1022 1801 tamen
1033 1748 1142 1802 Paulus
1160 1751 1243 1803 indui

177 1842 239 1905 get,
249 1850 308 1889 non
319 1833 400 1902 jubet
413 1850 420 1888 ι
432 1834 509 1901 cupit
527 1832 614 1899 enim,
629 1834 655 1885 si
668 1832 729 1886 tieri
744 1832 892 1886 commode
905 1836 1014 1903 posset,
1027 1836 1059 1885 ut
1077 1846 1184 1887 omnes
1199 1833 1240 1885 sibi

177 1921 269 1977 forent
283 1921 312 1975 in
324 1918 495 1975 continentia
507 1918 627 1985 similes,
640 1918 669 1987 1.
679 1921 714 1983 1,
728 1920 760 1982 1,
774 1920 854 1982 5,1,
868 1919 903 1982 5,
917 1920 949 1980 6,
963 1920 989 1969 1.

213 2004 374 2061 Secundum
385 2003 511 2057 dubium.
525 2005 567 2055 11
576 2002 701 2071 innuptis
714 2008 742 2055 et
750 2001 843 2054 viduis
852 2002 980 2068 expediat
993 2002 1122 2062 nubere?

210 2090 372 2159 Respondet
393 2088 480 2143 satius
498 2101 560 2141 esse
576 2092 608 2141 ut
620 2087 731 2141 oaelibes
742 2091 892 2139 maneant:
905 2086 983 2153 quod
994 2086 1019 2137 si
1037 2091 1135 2141 tamen
1147 2103 1205 2143 non
1217 2102 1241 2141 se

177 2175 336 2240 continent,
349 2172 474 2228 nubant:
487 2172 587 2225 melius
599 2177 641 2225 est
652 2171 760 2224 nubere
770 2170 856 2239 quim
866 2170 927 2236 uri,
940 2170 969 2238 1.
983 2172 1058 2235 8,9.

213 2259 338 2312 Tertium
349 2257 476 2312 dubium.
490 2259 532 2308 11
544 2257 625 2310 111111
640 2255 810 2309 diuortium?
825 2256 852 2323 1.
863 2257 909 2308 10.

211 2341 372 2409 Respondet
382 2355 416 2394 ex
427 2341 527 2394 Christi
537 2334 647 2400 Domini
659 2345 812 2407 praecepto,
823 2338 970 2392 insolubile
985 2351 1048 2392 esse
1059 2338 1222 2408 conjugium
1233 2359 1239 2392 ι

105 2422 110 2430 “
178 2425 318 2495 conjugati
338 2426 422 2494 igitur
440 2439 498 2478 non
516 2425 661 2478 discedant
678 2423 714 2477 ab
735 2423 873 2489 invicem,
892 2429 941 2476 aut
956 2430 1088 2478 maneant
1110 2427 1237 2491 coelibes,

177 2510 363 2578 quoadusque
374 2509 600 2574 reconcilientur,
611 2509 639 2578 1.
654 2511 707 2572 10,
721 2511 766 2561 11.

212 2595 345 2656 erartum
357 2592 483 2648 dubium.
494 2594 566 2646 Num
573 2592 657 2646 etiam
670 2591 817 2646 insolubile
828 2591 864 2645 sit
875 2591 966 2646 tidelis
972 2605 1039 2645 cum
1050 2591 1158 2648 iniideii
1175 2610 1238 2649 con-

173 2677 301 2744 iugium‘?

210 2757 359 2824 Distinguit
376 2757 538 2823 Apostolum
553 2757 577 2809 si
595 2755 716 2810 infidelis
728 2758 843 2825 pacifice
855 2757 1015 2812 cohabitare
1027 2737 1170 2815 consentit
1180 2778 1234 2816 cum

176 2839 264 2904 fideli,
278 2853 335 2891 non
347 2839 471 2893 discedat
483 2839 591 2892 fidelis·
606 2841 672 2907 quia
682 2846 750 2895 tunc
762 2857 826 2910 spes
844 2849 887 2897 est
898 2843 976 2910 quod
987 2849 1168 2901 convertatur
1179 2846 1235 2898 inii-

176 2921 260 2986 deiis,
275 2927 303 2974 et
317 2921 395 2986 quod
407 2922 554 2989 utriusque
568 2921 616 2975 filii
632 2925 894 2991 sanctificabuntur,
905 2927 932 2994 1.
945 2929 993 2991 11,
1008 2931 1059 2991 td,
1073 2931 1119 2982 11.

211 3004 241 3058 Si
253 3003 321 3056 verb
333 3003 452 3058 infidelis
463 3007 540 3072 prior
556 3005 661 3059 dirimit
679 3007 852 3076 conjugium,
866 3015 894 3062 et
910 3023 968 3062 non
980 3015 1025 3062 est
1036 3012 1186 3077 pacificum
1201 3015 1235 3065 si-

175 3094 258 3142 natur
273 3087 363 3154 abire‚
380 3094 408 3141 et
423 3088 498 3141 atati
511 3087 640 3156 conjugio
656 3090 743 3144 libera
762 3099 873 3144 maneat
886 3106 952 3159 pars
964 3092 1056 3146 tidelis
1073 3095 1148 3148 :hac
1164 3098 1192 3148 11
1209 3111 1234 3148 re

175 3179 269 3226 tamen
278 3173 438 3226 consulatur
449 3176 539 3239 Deus,
552 3181 579 3227 et
587 3175 782 3242 unusquisque
795 3174 949 3229 secuudum
957 3177 1078 3243 gratiam
1088 3179 1142 3232 sibi
1149 3180 1233 3233 datan

175 3257 312 3321 ambulet,
327 3256 476 3326 1.15,16,
489 3261 535 3312 11.

210 3341 232 3390 Α
247 3339 384 3408 conjugiis
402 3341 485 3394 etiam
500 3341 658 3409 disparibus
673 3343 848 3395 1111111111
867 3341 1027 3407 solvendis,
1049 3347 1152 3400 transit
1165 3351 1232 3415 Apo·

176 3421 262 3474 stolus
279 3423 315 3474 ad
327 3425 394 3476 alias
409 3424 584 3478 conditiones
596 3426 680 3477 etiam
691 3439 749 3478 non
764 3424 844 3478 facile
855 3425 1024 3479 mutandas:
1036 3428 1098 3480 vult
1114 3444 1196 3498 ergo,
1208 3437 1232 3482 ut

175 3503 311 3568 quantiam
323 3507 420 3574 religio
430 3507 508 3575 sinit,
521 3507 616 3561 fideles
624 3507 680 3561 sint
689 3509 718 3560 in
727 3523 779 3563 suo
790 3515 863 3563 statu
872 3509 998 3576 stabiles,
1009 3513 1063 3576 18,
1074 3515 1230 3580 10,10,11,

174 3586 290 3650 11,15,
305 3589 351 3640 11.

211 3666 342 3727 Quintum
362 3671 515 3724 dubium
491 3687 565 3728 cura
583 3673 778 3742 virginitatem
793 3677 871 3730 Iliam
884 3675 1076 3743 commendat,
1090 3693 1125 3733 ac
1142 3684 1230 3736 matri

86 3807 90 3811 ,
134 3822 136 3826 Ι
176 3750 271 3801 monio
291 3751 417 3818 praefert,
431 3756 532 3810 multas
545 3757 581 3810 ob
593 3759 732 3826 rationes
747 3760 892 3814 srctamen
904 3760 1038 3825 consulat
1058 3769 1158 3818 utnon
1169 3781 1229 3834 prae

177 3825 285 3890 01111.
300 3833 405 3887 bonum
420 3837 523 3902 quippe
538 3839 718 3912 conjugium,
730 3843 828 3898 melior
847 3843 991 3912 virginitas
1006 3850 1035 3899 et
1052 3847 1224 3915 caelibatus,
1216 3864 1227 3900 1

177 3905 206 3972 1
222 3909 517 3982 tonsurandum
