<?xml version="1.0" encoding="UTF-8"?>
<!DOCTYPE html PUBLIC "-//W3C//DTD XHTML 1.0 Transitional//EN"
    "http://www.w3.org/TR/xhtml1/DTD/xhtml1-transitional.dtd">
<html xmlns="http://www.w3.org/1999/xhtml" xml:lang="en" lang="en">
 <head>
  <title>
</title>
<meta http-equiv="Content-Type" content="text/html;charset=utf-8" />
  <meta name='ocr-system' content='tesseract 3.04.00' />
  <meta name='ocr-capabilities' content='ocr_page ocr_carea ocr_par ocr_line ocrx_word'/>
</head>
<body>
  <div class='ocr_page' id='page_1' title='image "./epistolarumbpau03berngoog_0271.png"; bbox 0 0 2559 4450; ppageno 0'>
   <div class='ocr_carea' id='block_1_1' title="bbox 185 279 1065 345">
    <p class='ocr_par' dir='ltr' id='par_1_1' title="bbox 185 279 1065 345">
     <span class='ocr_line' id='line_1_1' title="bbox 185 279 1065 345; baseline -0.011 0"><span class='ocrx_word' id='word_1_1' title='bbox 185 287 249 345; x_wconf 69' lang='grc'><strong>,250</strong></span> <span class='ocrx_word' id='word_1_2' title='bbox 387 285 517 341; x_wconf 68' lang='lat' dir='ltr'><strong>PRlUAE</strong></span> <span class='ocrx_word' id='word_1_3' title='bbox 534 284 737 340; x_wconf 73' lang='lat' dir='ltr'>EPISTOLAE</span> <span class='ocrx_word' id='word_1_4' title='bbox 755 283 804 338; x_wconf 78' lang='lat' dir='ltr'><strong>ii)</strong></span> <span class='ocrx_word' id='word_1_5' title='bbox 822 279 1065 338; x_wconf 73' lang='lat' dir='ltr'>CORINTHIOS</span> 
     </span>
    </p>
   </div>
   <div class='ocr_carea' id='block_1_2' title="bbox 107 373 1250 522">
    <p class='ocr_par' dir='ltr' id='par_1_2' title="bbox 107 373 1250 522">
     <span class='ocr_line' id='line_1_2' title="bbox 224 373 1250 434; baseline -0.004 -2"><span class='ocrx_word' id='word_1_6' title='bbox 224 379 256 432; x_wconf 86' lang='lat' dir='ltr'><strong>iit</strong></span> <span class='ocrx_word' id='word_1_7' title='bbox 263 381 346 433; x_wconf 80' lang='lat' dir='ltr'><strong>restra</strong></span> <span class='ocrx_word' id='word_1_8' title='bbox 356 380 419 432; x_wconf 82' lang='lat' dir='ltr'><strong>tides</strong></span> <span class='ocrx_word' id='word_1_9' title='bbox 426 393 478 432; x_wconf 91' lang='lat' dir='ltr'><strong>non</strong></span> <span class='ocrx_word' id='word_1_10' title='bbox 486 384 631 430; x_wconf 82' lang='lat' dir='ltr'><strong>nasceretur</strong></span> <span class='ocrx_word' id='word_1_11' title='bbox 639 391 671 430; x_wconf 84' lang='lat' dir='ltr'><strong>er</strong></span> <span class='ocrx_word' id='word_1_12' title='bbox 678 379 790 430; x_wconf 86' lang='lat' dir='ltr'><strong>humana</strong></span> <span class='ocrx_word' id='word_1_13' title='bbox 849 381 877 434; x_wconf 83' lang='lat'><strong>5.</strong></span> <span class='ocrx_word' id='word_1_14' title='bbox 890 382 923 433; x_wconf 86' lang='lat' dir='ltr'><strong>Ui</strong></span> <span class='ocrx_word' id='word_1_15' title='bbox 933 379 1003 433; x_wconf 82' lang='lat' dir='ltr'><strong>tides</strong></span> <span class='ocrx_word' id='word_1_16' title='bbox 1012 381 1103 434; x_wconf 75' lang='lat' dir='ltr'><strong>vestra</strong></span> <span class='ocrx_word' id='word_1_17' title='bbox 1114 374 1212 432; x_wconf 80' lang='lat' dir='ltr'><strong>nonsit</strong></span> <span class='ocrx_word' id='word_1_18' title='bbox 1223 373 1250 428; x_wconf 84' lang='lat' dir='ltr'><strong>ln</strong></span> 
     </span>
     <span class='ocr_line' id='line_1_3' title="bbox 107 445 1250 522; baseline -0.005 -18"><span class='ocrx_word' id='word_1_19' title='bbox 107 483 111 490; x_wconf 86' lang='lat'>-</span> <span class='ocrx_word' id='word_1_20' title='bbox 193 451 299 504; x_wconf 80' lang='lat' dir='ltr'><strong>seimus</strong></span> <span class='ocrx_word' id='word_1_21' title='bbox 310 452 336 501; x_wconf 89' lang='lat' dir='ltr'><strong>et</strong></span> <span class='ocrx_word' id='word_1_22' title='bbox 349 447 560 512; x_wconf 83' lang='lat' dir='ltr'><strong>eloquentia,sed</strong></span> <span class='ocrx_word' id='word_1_23' title='bbox 571 460 601 499; x_wconf 82' lang='lat' dir='ltr'><strong>ex</strong></span> <span class='ocrx_word' id='word_1_24' title='bbox 613 445 657 499; x_wconf 87' lang='lat' dir='ltr'><strong>liei</strong></span> <span class='ocrx_word' id='word_1_25' title='bbox 669 450 790 514; x_wconf 85' lang='lat' dir='ltr'><strong>potentia.</strong></span> <span class='ocrx_word' id='word_1_26' title='bbox 808 457 948 522; x_wconf 65' lang='lat' dir='ltr'><strong>,sapientia</strong></span> <span class='ocrx_word' id='word_1_27' title='bbox 970 455 1131 520; x_wconf 71' lang='lat' dir='ltr'><strong>hominum,</strong></span> <span class='ocrx_word' id='word_1_28' title='bbox 1156 454 1203 506; x_wconf 68' lang='lat' dir='ltr'><strong>aad</strong></span> <span class='ocrx_word' id='word_1_29' title='bbox 1224 456 1250 507; x_wconf 78' lang='lat' dir='ltr'><strong>in</strong></span> 
     </span>
    </p>
   </div>
   <div class='ocr_carea' id='block_1_3' title="bbox 814 534 987 588">
    <p class='ocr_par' dir='ltr' id='par_1_3' title="bbox 814 534 987 588">
     <span class='ocr_line' id='line_1_4' title="bbox 814 534 987 588; baseline 0 -2"><span class='ocrx_word' id='word_1_30' title='bbox 814 535 917 588; x_wconf 87' lang='lat' dir='ltr'><strong>virtute</strong></span> <span class='ocrx_word' id='word_1_31' title='bbox 927 534 987 586; x_wconf 80' lang='lat' dir='ltr'><strong>liei.</strong></span> 
     </span>
    </p>
   </div>
   <div class='ocr_carea' id='block_1_4' title="bbox 133 605 1253 1019">
    <p class='ocr_par' dir='ltr' id='par_1_4' title="bbox 133 605 1253 1019">
     <span class='ocr_line' id='line_1_5' title="bbox 224 605 1251 678; baseline -0.007 -16"><span class='ocrx_word' id='word_1_32' title='bbox 224 613 234 677; x_wconf 92' lang='lat'><strong>(</strong></span> <span class='ocrx_word' id='word_1_33' title='bbox 241 613 332 665; x_wconf 83' lang='lat' dir='ltr'><strong>ilerum</strong></span> <span class='ocrx_word' id='word_1_34' title='bbox 342 616 429 664; x_wconf 85' lang='lat' dir='ltr'><strong>tamen</strong></span> <span class='ocrx_word' id='word_1_35' title='bbox 442 626 494 662; x_wconf 91' lang='lat' dir='ltr'><strong>non</strong></span> <span class='ocrx_word' id='word_1_36' title='bbox 505 615 593 675; x_wconf 79' lang='lat' dir='ltr'><strong>ignoro</strong></span> <span class='ocrx_word' id='word_1_37' title='bbox 605 612 756 676; x_wconf 87' lang='lat' dir='ltr'><strong>sapientiam</strong></span> <span class='ocrx_word' id='word_1_38' title='bbox 765 609 789 674; x_wconf 82' lang='lat' dir='ltr'><strong>i,</strong></span> <span class='ocrx_word' id='word_1_39' title='bbox 848 614 874 666; x_wconf 83' lang='lat'><strong>6.</strong></span> <span class='ocrx_word' id='word_1_40' title='bbox 882 610 1053 678; x_wconf 86' lang='lat' dir='ltr'><strong>Sapientiam</strong></span> <span class='ocrx_word' id='word_1_41' title='bbox 1061 612 1154 666; x_wconf 86' lang='lat' dir='ltr'><strong>autem</strong></span> <span class='ocrx_word' id='word_1_42' title='bbox 1163 605 1251 670; x_wconf 86' lang='lat' dir='ltr'><strong>loqui·</strong></span> 
     </span>
     <span class='ocr_line' id='line_1_6' title="bbox 192 679 1253 756; baseline -0.004 -22"><span class='ocrx_word' id='word_1_43' title='bbox 192 683 319 744; x_wconf 85' lang='lat' dir='ltr'><strong>siquidem</strong></span> <span class='ocrx_word' id='word_1_44' title='bbox 334 695 391 733; x_wconf 91' lang='lat' dir='ltr'><strong>eam</strong></span> <span class='ocrx_word' id='word_1_45' title='bbox 409 682 498 744; x_wconf 92' lang='lat' dir='ltr'><strong>loquor</strong></span> <span class='ocrx_word' id='word_1_46' title='bbox 517 683 583 731; x_wconf 89' lang='lat' dir='ltr'><strong>inter</strong></span> <span class='ocrx_word' id='word_1_47' title='bbox 593 679 716 744; x_wconf 86' lang='lat' dir='ltr'><strong>periectos</strong></span> <span class='ocrx_word' id='word_1_48' title='bbox 728 699 735 729; x_wconf 72' lang='grc' dir='ltr'><strong><em>ε</em></strong></span> <span class='ocrx_word' id='word_1_49' title='bbox 748 694 790 731; x_wconf 90' lang='lat' dir='ltr'><strong>sa·</strong></span> <span class='ocrx_word' id='word_1_50' title='bbox 813 703 876 742; x_wconf 68' lang='lat' dir='ltr'><strong>mur</strong></span> <span class='ocrx_word' id='word_1_51' title='bbox 889 690 961 742; x_wconf 65' lang='lat' dir='ltr'><strong>inter</strong></span> <span class='ocrx_word' id='word_1_52' title='bbox 971 687 1131 756; x_wconf 69' lang='lat' dir='ltr'><strong>perfectos:</strong></span> <span class='ocrx_word' id='word_1_53' title='bbox 1147 683 1253 748; x_wconf 80' lang='lat' dir='ltr'><strong>sapien-</strong></span> 
     </span>
     <span class='ocr_line' id='line_1_7' title="bbox 191 748 1251 831; baseline -0.001 -33"><span class='ocrx_word' id='word_1_54' title='bbox 191 751 315 814; x_wconf 75' lang='lat' dir='ltr'><strong>pientiam</strong></span> <span class='ocrx_word' id='word_1_55' title='bbox 333 749 394 800; x_wconf 83' lang='lat' dir='ltr'><strong>rerd</strong></span> <span class='ocrx_word' id='word_1_56' title='bbox 410 763 462 800; x_wconf 94' lang='lat' dir='ltr'><strong>non</strong></span> <span class='ocrx_word' id='word_1_57' title='bbox 479 748 632 809; x_wconf 83' lang='lat' dir='ltr'><strong>secularem,</strong></span> <span class='ocrx_word' id='word_1_58' title='bbox 646 760 690 797; x_wconf 88' lang='lat' dir='ltr'><strong>seu</strong></span> <span class='ocrx_word' id='word_1_59' title='bbox 711 761 791 798; x_wconf 89' lang='lat' dir='ltr'><strong>mun·</strong></span> <span class='ocrx_word' id='word_1_60' title='bbox 814 767 880 820; x_wconf 59' lang='lat' dir='ltr'><strong>fiam</strong></span> <span class='ocrx_word' id='word_1_61' title='bbox 893 767 960 820; x_wconf 56' lang='lat' dir='ltr'>verb</span> <span class='ocrx_word' id='word_1_62' title='bbox 981 780 1039 818; x_wconf 69' lang='lat' dir='ltr'><strong>non</strong></span> <span class='ocrx_word' id='word_1_63' title='bbox 1051 763 1136 831; x_wconf 67' lang='lat' dir='ltr'><strong>hujus</strong></span> <span class='ocrx_word' id='word_1_64' title='bbox 1148 760 1251 822; x_wconf 50' lang='lat' dir='ltr'><strong>seculi,</strong></span> 
     </span>
     <span class='ocr_line' id='line_1_8' title="bbox 192 815 1253 910; baseline -0.001 -44"><span class='ocrx_word' id='word_1_65' title='bbox 192 815 397 881; x_wconf 73' lang='lat' dir='ltr'><strong>danam3neque</strong></span> <span class='ocrx_word' id='word_1_66' title='bbox 413 819 629 880; x_wconf 68' lang='lat' dir='ltr'><strong>superstitiosam,</strong></span> <span class='ocrx_word' id='word_1_67' title='bbox 645 815 790 877; x_wconf 79' lang='lat' dir='ltr'><strong>damonum</strong></span> <span class='ocrx_word' id='word_1_68' title='bbox 812 855 906 910; x_wconf 56' lang='lat' dir='ltr'>neque</span> <span class='ocrx_word' id='word_1_69' title='bbox 924 841 1084 908; x_wconf 57' lang='lat' dir='ltr'><strong>Principum</strong></span> <span class='ocrx_word' id='word_1_70' title='bbox 1104 837 1187 906; x_wconf 64' lang='lat' dir='ltr'><strong>hujus</strong></span> <span class='ocrx_word' id='word_1_71' title='bbox 1211 851 1253 889; x_wconf 66' lang='lat' dir='ltr'><strong>se,</strong></span> 
     </span>
     <span class='ocr_line' id='line_1_9' title="bbox 191 887 1133 974; baseline 0.002 -38"><span class='ocrx_word' id='word_1_72' title='bbox 191 887 348 937; x_wconf 81' lang='lat' dir='ltr'><strong>admlnioulo</strong></span> <span class='ocrx_word' id='word_1_73' title='bbox 376 889 523 948; x_wconf 85' lang='lat' dir='ltr'><strong>inventum,</strong></span> <span class='ocrx_word' id='word_1_74' title='bbox 546 898 656 949; x_wconf 85' lang='lat' dir='ltr'><strong>quorum</strong></span> <span class='ocrx_word' id='word_1_75' title='bbox 681 891 791 951; x_wconf 83' lang='lat' dir='ltr'><strong>poteslas</strong></span> <span class='ocrx_word' id='word_1_76' title='bbox 813 921 868 974; x_wconf 66' lang='lat' dir='ltr'>culi</span> <span class='ocrx_word' id='word_1_77' title='bbox 901 920 930 972; x_wconf 61' lang='lat' dir='ltr'><strong>ui</strong></span> <span class='ocrx_word' id='word_1_78' title='bbox 948 919 1133 972; x_wconf 51' lang='lat' dir='ltr'><strong>destruuntur</strong></span> 
     </span>
     <span class='ocr_line' id='line_1_10' title="bbox 133 935 1142 1019; baseline 0.001 -15"><span class='ocrx_word' id='word_1_79' title='bbox 133 992 136 998; x_wconf 65' lang='grc'><strong>.</strong></span> <span class='ocrx_word' id='word_1_80' title='bbox 192 967 237 1019; x_wconf 88' lang='lat' dir='ltr'><strong>per</strong></span> <span class='ocrx_word' id='word_1_81' title='bbox 254 955 383 1006; x_wconf 77' lang='lat' dir='ltr'><strong>Christum</strong></span> <span class='ocrx_word' id='word_1_82' title='bbox 396 955 534 1006; x_wconf 76' lang='lat' dir='ltr'>destruitur</span> <span class='ocrx_word' id='word_1_83' title='bbox 881 935 911 995; x_wconf 55' lang='lat'><strong>‘¹2</strong></span> <span class='ocrx_word' id='word_1_84' title='bbox 1134 955 1142 970; x_wconf 87' lang='lat'>&#39;</span> 
     </span>
    </p>
   </div>
   <div class='ocr_carea' id='block_1_5' title="bbox 222 1023 1253 1094">
    <p class='ocr_par' dir='ltr' id='par_1_5' title="bbox 222 1023 1253 1094">
     <span class='ocr_line' id='line_1_11' title="bbox 222 1023 1253 1094; baseline 0 -20"><span class='ocrx_word' id='word_1_85' title='bbox 222 1023 272 1074; x_wconf 83' lang='lat' dir='ltr'><strong>Sed</strong></span> <span class='ocrx_word' id='word_1_86' title='bbox 289 1023 417 1086; x_wconf 89' lang='lat' dir='ltr'><strong>loquimur</strong></span> <span class='ocrx_word' id='word_1_87' title='bbox 430 1024 474 1074; x_wconf 81' lang='lat' dir='ltr'><strong>liei</strong></span> <span class='ocrx_word' id='word_1_88' title='bbox 491 1027 660 1088; x_wconf 86' lang='lat' dir='ltr'><strong>sapientiam,</strong></span> <span class='ocrx_word' id='word_1_89' title='bbox 673 1028 703 1078; x_wconf 95' lang='lat' dir='ltr'><strong>in</strong></span> <span class='ocrx_word' id='word_1_90' title='bbox 721 1039 791 1090; x_wconf 78' lang='lat' dir='ltr'><strong>mys·</strong></span> <span class='ocrx_word' id='word_1_91' title='bbox 849 1031 876 1082; x_wconf 80' lang='lat' dir='ltr'><strong>i.</strong></span> <span class='ocrx_word' id='word_1_92' title='bbox 892 1028 948 1082; x_wconf 90' lang='lat' dir='ltr'><strong>Sed</strong></span> <span class='ocrx_word' id='word_1_93' title='bbox 973 1026 1117 1094; x_wconf 84' lang='lat' dir='ltr'><strong>loquimur</strong></span> <span class='ocrx_word' id='word_1_94' title='bbox 1137 1025 1187 1078; x_wconf 85' lang='lat' dir='ltr'><strong>liei</strong></span> <span class='ocrx_word' id='word_1_95' title='bbox 1212 1036 1253 1075; x_wconf 86' lang='lat' dir='ltr'><strong>sa-</strong></span> 
     </span>
    </p>
   </div>
   <div class='ocr_carea' id='block_1_6' title="bbox 191 1160 1254 1860">
    <p class='ocr_par' dir='ltr' id='par_1_6' title="bbox 193 1160 1251 1228">
     <span class='ocr_line' id='line_1_12' title="bbox 193 1160 1251 1228; baseline -0.003 -18"><span class='ocrx_word' id='word_1_96' title='bbox 193 1160 266 1224; x_wconf 89' lang='lat' dir='ltr'><strong>dore,</strong></span> <span class='ocrx_word' id='word_1_97' title='bbox 282 1174 323 1212; x_wconf 91' lang='lat' dir='ltr'><strong>res</strong></span> <span class='ocrx_word' id='word_1_98' title='bbox 344 1161 409 1212; x_wconf 90' lang='lat' dir='ltr'><strong>altas</strong></span> <span class='ocrx_word' id='word_1_99' title='bbox 428 1164 454 1212; x_wconf 89' lang='lat' dir='ltr'><strong>et</strong></span> <span class='ocrx_word' id='word_1_100' title='bbox 472 1163 575 1212; x_wconf 81' lang='lat' dir='ltr'><strong>llisiuas</strong></span> <span class='ocrx_word' id='word_1_101' title='bbox 592 1167 723 1227; x_wconf 69' lang='lat' dir='ltr'><strong>erasure,</strong></span> <span class='ocrx_word' id='word_1_102' title='bbox 742 1167 821 1227; x_wconf 84' lang='lat' dir='ltr'><strong>signis</strong></span> <span class='ocrx_word' id='word_1_103' title='bbox 846 1169 872 1214; x_wconf 87' lang='lat' dir='ltr'><strong>et</strong></span> <span class='ocrx_word' id='word_1_104' title='bbox 891 1163 1012 1228; x_wconf 75' lang='lat' dir='ltr'><strong>prodigiis</strong></span> <span class='ocrx_word' id='word_1_105' title='bbox 1034 1175 1077 1212; x_wconf 85' lang='lat' dir='ltr'><strong>eas</strong></span> <span class='ocrx_word' id='word_1_106' title='bbox 1097 1160 1251 1211; x_wconf 80' lang='lat' dir='ltr'><strong>confirmare.</strong></span> 
     </span>
    </p>

    <p class='ocr_par' dir='ltr' id='par_1_7' title="bbox 191 1230 1254 1503">
     <span class='ocr_line' id='line_1_13' title="bbox 223 1230 1253 1295; baseline -0.003 -15"><span class='ocrx_word' id='word_1_107' title='bbox 223 1230 271 1291; x_wconf 83' lang='lat' dir='ltr'><strong>Qui</strong></span> <span class='ocrx_word' id='word_1_108' title='bbox 282 1231 389 1281; x_wconf 80' lang='lat' dir='ltr'><strong>uoluerit</strong></span> <span class='ocrx_word' id='word_1_109' title='bbox 401 1231 625 1294; x_wconf 82' lang='lat' dir='ltr'><strong>ergoiipostolious</strong></span> <span class='ocrx_word' id='word_1_110' title='bbox 638 1233 710 1295; x_wconf 84' lang='lat' dir='ltr'><strong>deri,</strong></span> <span class='ocrx_word' id='word_1_111' title='bbox 726 1235 826 1284; x_wconf 80' lang='lat' dir='ltr'><strong>studeat</strong></span> <span class='ocrx_word' id='word_1_112' title='bbox 839 1238 894 1295; x_wconf 86' lang='lat' dir='ltr'><strong>ejus</strong></span> <span class='ocrx_word' id='word_1_113' title='bbox 907 1247 960 1284; x_wconf 89' lang='lat' dir='ltr'><strong>esse</strong></span> <span class='ocrx_word' id='word_1_114' title='bbox 978 1233 1210 1293; x_wconf 54' lang='lat' dir='ltr'><strong>eloquentiaeque</strong></span> <span class='ocrx_word' id='word_1_115' title='bbox 1221 1241 1253 1277; x_wconf 75' lang='lat' dir='ltr'><strong>ras</strong></span> 
     </span>
     <span class='ocr_line' id='line_1_14' title="bbox 192 1296 1254 1365; baseline 0.008 -17"><span class='ocrx_word' id='word_1_116' title='bbox 192 1296 295 1349; x_wconf 83' lang='lat' dir='ltr'><strong>llisinas</strong></span> <span class='ocrx_word' id='word_1_117' title='bbox 310 1300 382 1350; x_wconf 82' lang='lat' dir='ltr'><strong>decet</strong></span> <span class='ocrx_word' id='word_1_118' title='bbox 389 1321 398 1362; x_wconf 88' lang='lat'>;</span> <span class='ocrx_word' id='word_1_119' title='bbox 407 1314 459 1350; x_wconf 92' lang='lat' dir='ltr'><strong>non</strong></span> <span class='ocrx_word' id='word_1_120' title='bbox 473 1303 632 1352; x_wconf 79' lang='lat' dir='ltr'><strong>concinnatae</strong></span> <span class='ocrx_word' id='word_1_121' title='bbox 645 1306 671 1352; x_wconf 92' lang='lat' dir='ltr'><strong>et</strong></span> <span class='ocrx_word' id='word_1_122' title='bbox 681 1303 712 1352; x_wconf 89' lang='lat' dir='ltr'><strong>de</strong></span> <span class='ocrx_word' id='word_1_123' title='bbox 721 1304 804 1354; x_wconf 85' lang='lat' dir='ltr'><strong>verbis</strong></span> <span class='ocrx_word' id='word_1_124' title='bbox 813 1303 943 1365; x_wconf 57' lang='lat' dir='ltr'><strong>sollicitam</strong></span> <span class='ocrx_word' id='word_1_125' title='bbox 957 1303 1001 1353; x_wconf 87' lang='lat' dir='ltr'><strong>sed</strong></span> <span class='ocrx_word' id='word_1_126' title='bbox 1011 1314 1068 1363; x_wconf 85' lang='lat' dir='ltr'><strong>quae</strong></span> <span class='ocrx_word' id='word_1_127' title='bbox 1079 1314 1121 1350; x_wconf 85' lang='lat' dir='ltr'><strong>res</strong></span> <span class='ocrx_word' id='word_1_128' title='bbox 1133 1300 1207 1356; x_wconf 82' lang='lat' dir='ltr'><strong>altas.</strong></span> <span class='ocrx_word' id='word_1_129' title='bbox 1218 1313 1254 1346; x_wconf 69' lang='lat' dir='ltr'><strong>it·</strong></span> 
     </span>
     <span class='ocr_line' id='line_1_15' title="bbox 191 1370 1252 1435; baseline 0 -18"><span class='ocrx_word' id='word_1_130' title='bbox 191 1370 279 1418; x_wconf 88' lang='lat' dir='ltr'><strong>ritates</strong></span> <span class='ocrx_word' id='word_1_131' title='bbox 295 1370 429 1432; x_wconf 89' lang='lat' dir='ltr'><strong>sublimes,</strong></span> <span class='ocrx_word' id='word_1_132' title='bbox 445 1371 571 1434; x_wconf 85' lang='lat' dir='ltr'><strong>protunda</strong></span> <span class='ocrx_word' id='word_1_133' title='bbox 589 1375 724 1435; x_wconf 76' lang='lat' dir='ltr'><strong>mysteria,</strong></span> <span class='ocrx_word' id='word_1_134' title='bbox 739 1375 835 1435; x_wconf 84' lang='lat' dir='ltr'><strong>ingenti</strong></span> <span class='ocrx_word' id='word_1_135' title='bbox 854 1374 922 1425; x_wconf 85' lang='lat' dir='ltr'><strong>dieat</strong></span> <span class='ocrx_word' id='word_1_136' title='bbox 937 1375 1039 1434; x_wconf 86' lang='lat' dir='ltr'><strong>auimo,</strong></span> <span class='ocrx_word' id='word_1_137' title='bbox 1055 1373 1134 1435; x_wconf 88' lang='lat' dir='ltr'><strong>prout</strong></span> <span class='ocrx_word' id='word_1_138' title='bbox 1155 1370 1252 1434; x_wconf 80' lang='lat' dir='ltr'><strong>spiritis</strong></span> 
     </span>
     <span class='ocr_line' id='line_1_16' title="bbox 192 1437 872 1503; baseline 0.009 -15"><span class='ocrx_word' id='word_1_139' title='bbox 192 1437 278 1489; x_wconf 80' lang='lat' dir='ltr'><strong>Sancti</strong></span> <span class='ocrx_word' id='word_1_140' title='bbox 288 1440 375 1491; x_wconf 91' lang='lat' dir='ltr'><strong>tulerit</strong></span> <span class='ocrx_word' id='word_1_141' title='bbox 386 1443 505 1503; x_wconf 89' lang='lat' dir='ltr'><strong>impetus.</strong></span> <span class='ocrx_word' id='word_1_142' title='bbox 870 1495 872 1499; x_wconf 81' lang='grc'>,</span> 
     </span>
    </p>

    <p class='ocr_par' dir='ltr' id='par_1_8' title="bbox 191 1508 1253 1644">
     <span class='ocr_line' id='line_1_17' title="bbox 223 1508 1253 1574; baseline -0.002 -18"><span class='ocrx_word' id='word_1_143' title='bbox 223 1508 295 1559; x_wconf 87' lang='lat' dir='ltr'><strong>Tune</strong></span> <span class='ocrx_word' id='word_1_144' title='bbox 307 1509 383 1558; x_wconf 89' lang='lat' dir='ltr'><strong>verba</strong></span> <span class='ocrx_word' id='word_1_145' title='bbox 396 1512 450 1570; x_wconf 87' lang='lat' dir='ltr'><strong>ejus</strong></span> <span class='ocrx_word' id='word_1_146' title='bbox 466 1514 542 1560; x_wconf 88' lang='lat' dir='ltr'><strong>erunt</strong></span> <span class='ocrx_word' id='word_1_147' title='bbox 555 1513 629 1574; x_wconf 78' lang='lat' dir='ltr'><strong>quasi</strong></span> <span class='ocrx_word' id='word_1_148' title='bbox 643 1511 727 1574; x_wconf 76' lang='lat' dir='ltr'><strong>ipsis,</strong></span> <span class='ocrx_word' id='word_1_149' title='bbox 741 1514 884 1574; x_wconf 82' lang='lat' dir='ltr'><strong>aut&#39;ignitre</strong></span> <span class='ocrx_word' id='word_1_150' title='bbox 894 1513 990 1574; x_wconf 75' lang='lat' dir='ltr'><strong>sagitta</strong></span> <span class='ocrx_word' id='word_1_151' title='bbox 1006 1509 1083 1561; x_wconf 80' lang='lat' dir='ltr'><strong>corda</strong></span> <span class='ocrx_word' id='word_1_152' title='bbox 1097 1508 1253 1558; x_wconf 80' lang='lat' dir='ltr'><strong>audientium</strong></span> 
     </span>
     <span class='ocr_line' id='line_1_18' title="bbox 191 1579 870 1644; baseline 0.009 -20"><span class='ocrx_word' id='word_1_153' title='bbox 191 1580 366 1638; x_wconf 77' lang='lat' dir='ltr'><strong>penetrantes,</strong></span> <span class='ocrx_word' id='word_1_154' title='bbox 385 1584 408 1626; x_wconf 88' lang='lat' dir='ltr'><strong>et</strong></span> <span class='ocrx_word' id='word_1_155' title='bbox 418 1580 492 1640; x_wconf 73' lang='lat' dir='ltr'><strong>quoti</strong></span> <span class='ocrx_word' id='word_1_156' title='bbox 503 1579 610 1629; x_wconf 69' lang='lat' dir='ltr'><strong>malim</strong></span> <span class='ocrx_word' id='word_1_157' title='bbox 624 1587 747 1631; x_wconf 69' lang='lat' dir='ltr'><strong>contuens</strong></span> <span class='ocrx_word' id='word_1_158' title='bbox 762 1588 870 1644; x_wconf 84' lang='lat' dir='ltr'><strong>petrem.</strong></span> 
     </span>
    </p>

    <p class='ocr_par' dir='ltr' id='par_1_9' title="bbox 192 1650 1252 1860">
     <span class='ocr_line' id='line_1_19' title="bbox 223 1650 1252 1717; baseline 0.002 -20"><span class='ocrx_word' id='word_1_159' title='bbox 223 1650 247 1698; x_wconf 79' lang='lat'><strong>5.</strong></span> <span class='ocrx_word' id='word_1_160' title='bbox 261 1652 291 1699; x_wconf 82' lang='lat' dir='ltr'><strong>iit</strong></span> <span class='ocrx_word' id='word_1_161' title='bbox 301 1651 364 1713; x_wconf 75' lang='lat' dir='ltr'><strong>fides</strong></span> <span class='ocrx_word' id='word_1_162' title='bbox 377 1658 460 1703; x_wconf 79' lang='lat' dir='ltr'><strong>oestro</strong></span> <span class='ocrx_word' id='word_1_163' title='bbox 468 1668 518 1703; x_wconf 80' lang='lat' dir='ltr'><strong>areo</strong></span> <span class='ocrx_word' id='word_1_164' title='bbox 528 1656 580 1704; x_wconf 82' lang='lat' dir='ltr'><strong>sit..</strong></span> <span class='ocrx_word' id='word_1_165' title='bbox 594 1655 620 1704; x_wconf 92' lang='lat' dir='ltr'><strong>id</strong></span> <span class='ocrx_word' id='word_1_166' title='bbox 632 1659 683 1716; x_wconf 85' lang='lat' dir='ltr'><strong>est,</strong></span> <span class='ocrx_word' id='word_1_167' title='bbox 692 1668 745 1706; x_wconf 89' lang='lat' dir='ltr'><strong>non</strong></span> <span class='ocrx_word' id='word_1_168' title='bbox 757 1661 876 1706; x_wconf 79' lang='lat' dir='ltr'><strong>nascatur</strong></span> <span class='ocrx_word' id='word_1_169' title='bbox 886 1693 894 1717; x_wconf 88' lang='lat'>‚</span> <span class='ocrx_word' id='word_1_170' title='bbox 905 1659 965 1715; x_wconf 69' lang='lat' dir='ltr'><strong>eto„</strong></span> <span class='ocrx_word' id='word_1_171' title='bbox 974 1657 1003 1703; x_wconf 89' lang='lat' dir='ltr'><strong>ut</strong></span> <span class='ocrx_word' id='word_1_172' title='bbox 1012 1655 1040 1703; x_wconf 91' lang='lat' dir='ltr'><strong>in</strong></span> <span class='ocrx_word' id='word_1_173' title='bbox 1051 1653 1166 1716; x_wconf 87' lang='lat' dir='ltr'><strong>Paraph.</strong></span> <span class='ocrx_word' id='word_1_174' title='bbox 1179 1667 1221 1702; x_wconf 83' lang='lat' dir='ltr'><strong>seu</strong></span> <span class='ocrx_word' id='word_1_175' title='bbox 1231 1657 1252 1699; x_wconf 88' lang='lat' dir='ltr'><strong>ui</strong></span> 
     </span>
     <span class='ocr_line' id='line_1_20' title="bbox 192 1719 1252 1788; baseline 0.002 -23"><span class='ocrx_word' id='word_1_176' title='bbox 192 1722 274 1768; x_wconf 85' lang='lat' dir='ltr'><strong>vestra</strong></span> <span class='ocrx_word' id='word_1_177' title='bbox 286 1719 319 1769; x_wconf 89' lang='lat' dir='ltr'><strong>ad</strong></span> <span class='ocrx_word' id='word_1_178' title='bbox 327 1719 456 1772; x_wconf 83' lang='lat' dir='ltr'><strong>Christum</strong></span> <span class='ocrx_word' id='word_1_179' title='bbox 467 1726 597 1773; x_wconf 82' lang='lat' dir='ltr'><strong>conversio</strong></span> <span class='ocrx_word' id='word_1_180' title='bbox 608 1737 661 1774; x_wconf 90' lang='lat' dir='ltr'><strong>non</strong></span> <span class='ocrx_word' id='word_1_181' title='bbox 672 1725 812 1776; x_wconf 80' lang='lat' dir='ltr'><strong>ascribatur</strong></span> <span class='ocrx_word' id='word_1_182' title='bbox 821 1725 942 1774; x_wconf 75' lang='lat' dir='ltr'><strong>humanm</strong></span> <span class='ocrx_word' id='word_1_183' title='bbox 960 1725 1103 1788; x_wconf 72' lang='lat' dir='ltr'><strong>sapientia,</strong></span> <span class='ocrx_word' id='word_1_184' title='bbox 1113 1723 1162 1772; x_wconf 86' lang='lat' dir='ltr'><strong>sed</strong></span> <span class='ocrx_word' id='word_1_185' title='bbox 1174 1724 1252 1772; x_wconf 84' lang='lat' dir='ltr'><strong>virtuli</strong></span> 
     </span>
     <span class='ocr_line' id='line_1_21' title="bbox 192 1787 947 1860; baseline 0.013 -24"><span class='ocrx_word' id='word_1_186' title='bbox 192 1787 305 1838; x_wconf 66' lang='lat' dir='ltr'><strong>divinus</strong></span> <span class='ocrx_word' id='word_1_187' title='bbox 320 1803 371 1840; x_wconf 91' lang='lat' dir='ltr'><strong>non</strong></span> <span class='ocrx_word' id='word_1_188' title='bbox 382 1791 526 1843; x_wconf 86' lang='lat' dir='ltr'><strong>humanum</strong></span> <span class='ocrx_word' id='word_1_189' title='bbox 537 1795 656 1845; x_wconf 79' lang='lat' dir='ltr'><strong>credatur</strong></span> <span class='ocrx_word' id='word_1_190' title='bbox 669 1808 745 1860; x_wconf 89' lang='lat' dir='ltr'><strong>opus,</strong></span> <span class='ocrx_word' id='word_1_191' title='bbox 762 1796 805 1848; x_wconf 88' lang='lat' dir='ltr'><strong>sed</strong></span> <span class='ocrx_word' id='word_1_192' title='bbox 818 1797 947 1848; x_wconf 87' lang='lat' dir='ltr'><strong>Divinum.</strong></span> 
     </span>
    </p>
   </div>
   <div class='ocr_carea' id='block_1_7' title="bbox 134 1866 1254 3889">
    <p class='ocr_par' dir='ltr' id='par_1_10' title="bbox 191 1866 1254 2073">
     <span class='ocr_line' id='line_1_22' title="bbox 221 1866 1254 1935; baseline 0.001 -21"><span class='ocrx_word' id='word_1_193' title='bbox 221 1867 247 1914; x_wconf 83' lang='lat'><strong>6.</strong></span> <span class='ocrx_word' id='word_1_194' title='bbox 258 1866 416 1928; x_wconf 67' lang='lat' dir='ltr'><strong>Saoterum</strong></span> <span class='ocrx_word' id='word_1_195' title='bbox 434 1875 518 1918; x_wconf 83' lang='lat' dir='ltr'><strong>autem</strong></span> <span class='ocrx_word' id='word_1_196' title='bbox 530 1870 660 1931; x_wconf 80' lang='lat' dir='ltr'><strong>loquimur</strong></span> <span class='ocrx_word' id='word_1_197' title='bbox 661 1904 710 1920; x_wconf 89' lang='lat'><strong>.....</strong></span> <span class='ocrx_word' id='word_1_198' title='bbox 724 1883 797 1923; x_wconf 87' lang='lat' dir='ltr'><strong>suam</strong></span> <span class='ocrx_word' id='word_1_199' title='bbox 808 1874 894 1922; x_wconf 85' lang='lat' dir='ltr'><strong>tuetur</strong></span> <span class='ocrx_word' id='word_1_200' title='bbox 905 1871 973 1935; x_wconf 89' lang='lat' dir='ltr'><strong>apud</strong></span> <span class='ocrx_word' id='word_1_201' title='bbox 985 1870 1131 1920; x_wconf 85' lang='lat' dir='ltr'><strong>corinthios</strong></span> <span class='ocrx_word' id='word_1_202' title='bbox 1149 1870 1254 1918; x_wconf 84' lang='lat' dir='ltr'><strong>auetori-</strong></span> 
     </span>
     <span class='ocr_line' id='line_1_23' title="bbox 191 1936 1252 2003; baseline 0.002 -22"><span class='ocrx_word' id='word_1_203' title='bbox 191 1936 270 1984; x_wconf 88' lang='lat' dir='ltr'><strong>tatem</strong></span> <span class='ocrx_word' id='word_1_204' title='bbox 279 1971 286 1994; x_wconf 92' lang='lat'><strong>,</strong></span> <span class='ocrx_word' id='word_1_205' title='bbox 296 1939 322 1984; x_wconf 88' lang='lat' dir='ltr'><strong>et</strong></span> <span class='ocrx_word' id='word_1_206' title='bbox 331 1939 390 1998; x_wconf 91' lang='lat' dir='ltr'><strong>quia</strong></span> <span class='ocrx_word' id='word_1_207' title='bbox 402 1950 489 1988; x_wconf 89' lang='lat' dir='ltr'><strong>eorum</strong></span> <span class='ocrx_word' id='word_1_208' title='bbox 502 1942 581 2000; x_wconf 89' lang='lat' dir='ltr'><strong>aliqui</strong></span> <span class='ocrx_word' id='word_1_209' title='bbox 594 1938 716 2000; x_wconf 87' lang='lat' dir='ltr'><strong>Paulum,</strong></span> <span class='ocrx_word' id='word_1_210' title='bbox 727 1943 756 1990; x_wconf 88' lang='lat' dir='ltr'><strong>ut</strong></span> <span class='ocrx_word' id='word_1_211' title='bbox 769 1940 956 2002; x_wconf 81' lang='lat' dir='ltr'><strong>ineloquentem</strong></span> <span class='ocrx_word' id='word_1_212' title='bbox 968 1944 993 1989; x_wconf 91' lang='lat' dir='ltr'><strong>et</strong></span> <span class='ocrx_word' id='word_1_213' title='bbox 1003 1941 1165 2003; x_wconf 87' lang='lat' dir='ltr'><strong>imperitum,</strong></span> <span class='ocrx_word' id='word_1_214' title='bbox 1176 1938 1252 1986; x_wconf 81' lang='lat' dir='ltr'><strong>miuus</strong></span> 
     </span>
     <span class='ocr_line' id='line_1_24' title="bbox 192 2004 1117 2073; baseline 0.011 -23"><span class='ocrx_word' id='word_1_215' title='bbox 192 2004 560 2068; x_wconf 80' lang='lat' dir='ltr'><strong>erisumshant,ssser1tqoori</strong></span> <span class='ocrx_word' id='word_1_216' title='bbox 574 2020 662 2057; x_wconf 86' lang='lat' dir='ltr'><strong>veram</strong></span> <span class='ocrx_word' id='word_1_217' title='bbox 678 2021 730 2057; x_wconf 89' lang='lat' dir='ltr'><strong>non</strong></span> <span class='ocrx_word' id='word_1_218' title='bbox 744 2011 841 2069; x_wconf 80' lang='lat' dir='ltr'><strong>ignoret</strong></span> <span class='ocrx_word' id='word_1_219' title='bbox 856 2011 1015 2073; x_wconf 89' lang='lat' dir='ltr'><strong>sapientiam.</strong></span> <span class='ocrx_word' id='word_1_220' title='bbox 1114 2053 1117 2060; x_wconf 95' lang='grc'><em>,</em></span> 
     </span>
    </p>

    <p class='ocr_par' dir='ltr' id='par_1_11' title="bbox 189 2069 1252 2346">
     <span class='ocr_line' id='line_1_25' title="bbox 221 2069 1252 2139; baseline 0.001 -20"><span class='ocrx_word' id='word_1_221' title='bbox 221 2069 296 2130; x_wconf 82' lang='lat' dir='ltr'><strong>Quasi</strong></span> <span class='ocrx_word' id='word_1_222' title='bbox 311 2073 423 2124; x_wconf 84' lang='lat' dir='ltr'><strong>diceret:</strong></span> <span class='ocrx_word' id='word_1_223' title='bbox 435 2075 506 2126; x_wconf 79' lang='lat' dir='ltr'><strong>Licet</strong></span> <span class='ocrx_word' id='word_1_224' title='bbox 519 2077 588 2139; x_wconf 87' lang='lat' dir='ltr'><strong>apud</strong></span> <span class='ocrx_word' id='word_1_225' title='bbox 598 2089 661 2138; x_wconf 84' lang='lat' dir='ltr'><strong>vos,</strong></span> <span class='ocrx_word' id='word_1_226' title='bbox 676 2080 706 2125; x_wconf 94' lang='lat' dir='ltr'><strong>ut</strong></span> <span class='ocrx_word' id='word_1_227' title='bbox 727 2077 778 2126; x_wconf 85' lang='lat' dir='ltr'><strong>diri</strong></span> <span class='ocrx_word' id='word_1_228' title='bbox 788 2113 796 2137; x_wconf 92' lang='lat'><strong>,</strong></span> <span class='ocrx_word' id='word_1_229' title='bbox 806 2079 878 2138; x_wconf 84' lang='lat' dir='ltr'><strong>juxta</strong></span> <span class='ocrx_word' id='word_1_230' title='bbox 895 2077 939 2127; x_wconf 87' lang='lat' dir='ltr'><strong>Dei</strong></span> <span class='ocrx_word' id='word_1_231' title='bbox 953 2077 1090 2139; x_wconf 80' lang='lat' dir='ltr'><strong>placitum,</strong></span> <span class='ocrx_word' id='word_1_232' title='bbox 1105 2075 1252 2136; x_wconf 77' lang='lat' dir='ltr'><strong>neglexerim</strong></span> 
     </span>
     <span class='ocr_line' id='line_1_26' title="bbox 191 2139 1252 2208; baseline 0.002 -22"><span class='ocrx_word' id='word_1_233' title='bbox 191 2139 270 2189; x_wconf 86' lang='lat' dir='ltr'><strong>seculi</strong></span> <span class='ocrx_word' id='word_1_234' title='bbox 291 2146 457 2206; x_wconf 83' lang='lat' dir='ltr'><strong>sapientiam.</strong></span> <span class='ocrx_word' id='word_1_235' title='bbox 469 2157 556 2196; x_wconf 82' lang='lat' dir='ltr'><strong>seram</strong></span> <span class='ocrx_word' id='word_1_236' title='bbox 573 2150 661 2196; x_wconf 81' lang='lat' dir='ltr'><strong>tamen</strong></span> <span class='ocrx_word' id='word_1_237' title='bbox 676 2159 729 2196; x_wconf 94' lang='lat' dir='ltr'><strong>nou</strong></span> <span class='ocrx_word' id='word_1_238' title='bbox 746 2148 851 2207; x_wconf 80' lang='lat' dir='ltr'><strong>ignoro,</strong></span> <span class='ocrx_word' id='word_1_239' title='bbox 863 2147 987 2208; x_wconf 86' lang='lat' dir='ltr'><strong>siquidem</strong></span> <span class='ocrx_word' id='word_1_240' title='bbox 1003 2147 1157 2206; x_wconf 84' lang='lat' dir='ltr'><strong>sapientiam</strong></span> <span class='ocrx_word' id='word_1_241' title='bbox 1173 2145 1252 2203; x_wconf 91' lang='lat' dir='ltr'><strong>loquor</strong></span> 
     </span>
     <span class='ocr_line' id='line_1_27' title="bbox 189 2207 1251 2279; baseline 0.01 -17"><span class='ocrx_word' id='word_1_242' title='bbox 189 2207 396 2276; x_wconf 57' lang='lat' dir='ltr'><strong>intepentem</strong></span> <span class='ocrx_word' id='word_1_243' title='bbox 407 2214 435 2263; x_wconf 83' lang='lat' dir='ltr'><strong>id</strong></span> <span class='ocrx_word' id='word_1_244' title='bbox 454 2219 491 2267; x_wconf 87' lang='lat' dir='ltr'><strong>est</strong></span> <span class='ocrx_word' id='word_1_245' title='bbox 501 2252 509 2274; x_wconf 86' lang='lat'><strong>,</strong></span> <span class='ocrx_word' id='word_1_246' title='bbox 518 2214 661 2275; x_wconf 74' lang='lat' dir='ltr'><strong>spirituales</strong></span> <span class='ocrx_word' id='word_1_247' title='bbox 672 2254 678 2279; x_wconf 89' lang='lat'><strong>,</strong></span> <span class='ocrx_word' id='word_1_248' title='bbox 690 2217 874 2277; x_wconf 72' lang='lat' dir='ltr'><strong>provectiores,</strong></span> <span class='ocrx_word' id='word_1_249' title='bbox 888 2228 952 2279; x_wconf 85' lang='lat' dir='ltr'><strong>quos</strong></span> <span class='ocrx_word' id='word_1_250' title='bbox 963 2213 1028 2265; x_wconf 80' lang='lat' dir='ltr'><strong>inira</strong></span> <span class='ocrx_word' id='word_1_251' title='bbox 1038 2228 1066 2267; x_wconf 88' lang='lat' dir='ltr'><strong>n.</strong></span> <span class='ocrx_word' id='word_1_252' title='bbox 1080 2215 1119 2265; x_wconf 79' lang='lat' dir='ltr'><strong>ll·</strong></span> <span class='ocrx_word' id='word_1_253' title='bbox 1131 2215 1159 2263; x_wconf 82' lang='lat' dir='ltr'><strong>et</strong></span> <span class='ocrx_word' id='word_1_254' title='bbox 1171 2216 1251 2279; x_wconf 69' lang='lat' dir='ltr'><strong>capa</strong></span> 
     </span>
     <span class='ocr_line' id='line_1_28' title="bbox 190 2282 749 2346; baseline 0.009 -20"><span class='ocrx_word' id='word_1_255' title='bbox 190 2291 219 2327; x_wconf 92' lang='lat' dir='ltr'><strong>n.</strong></span> <span class='ocrx_word' id='word_1_256' title='bbox 235 2282 260 2328; x_wconf 85' lang='lat'><strong>2.</strong></span> <span class='ocrx_word' id='word_1_257' title='bbox 272 2282 416 2333; x_wconf 83' lang='lat' dir='ltr'><strong>carnalibus</strong></span> <span class='ocrx_word' id='word_1_258' title='bbox 434 2287 461 2332; x_wconf 89' lang='lat' dir='ltr'><strong>et</strong></span> <span class='ocrx_word' id='word_1_259' title='bbox 470 2282 625 2333; x_wconf 84' lang='lat' dir='ltr'><strong>animalibus</strong></span> <span class='ocrx_word' id='word_1_260' title='bbox 636 2284 749 2346; x_wconf 87' lang='lat' dir='ltr'><strong>opponit.</strong></span> 
     </span>
    </p>

    <p class='ocr_par' dir='ltr' id='par_1_12' title="bbox 190 2348 1251 2483">
     <span class='ocr_line' id='line_1_29' title="bbox 222 2348 1251 2421; baseline 0.011 -24"><span class='ocrx_word' id='word_1_261' title='bbox 222 2348 379 2411; x_wconf 70' lang='lat' dir='ltr'><strong>asperorum</strong></span> <span class='ocrx_word' id='word_1_262' title='bbox 392 2352 510 2402; x_wconf 74' lang='lat' dir='ltr'><strong>uerbosa</strong></span> <span class='ocrx_word' id='word_1_263' title='bbox 530 2351 607 2415; x_wconf 78' lang='lat' dir='ltr'><strong>liujus</strong></span> <span class='ocrx_word' id='word_1_264' title='bbox 621 2352 715 2412; x_wconf 78' lang='lat' dir='ltr'><strong>seculi,·</strong></span> <span class='ocrx_word' id='word_1_265' title='bbox 727 2350 901 2413; x_wconf 79' lang='lat' dir='ltr'><strong>explicatque</strong></span> <span class='ocrx_word' id='word_1_266' title='bbox 916 2352 949 2402; x_wconf 77' lang='lat' dir='ltr'><strong>sib</strong></span> <span class='ocrx_word' id='word_1_267' title='bbox 963 2349 1006 2401; x_wconf 82' lang='lat' dir='ltr'><strong>illa</strong></span> <span class='ocrx_word' id='word_1_268' title='bbox 1024 2354 1169 2419; x_wconf 84' lang='lat' dir='ltr'><strong>sapientia,</strong></span> <span class='ocrx_word' id='word_1_269' title='bbox 1184 2374 1251 2421; x_wconf 88' lang='lat' dir='ltr'><strong>quam</strong></span> 
     </span>
     <span class='ocr_line' id='line_1_30' title="bbox 190 2416 699 2483; baseline 0.012 -18"><span class='ocrx_word' id='word_1_270' title='bbox 190 2416 255 2478; x_wconf 87' lang='lat' dir='ltr'><strong>seit,</strong></span> <span class='ocrx_word' id='word_1_271' title='bbox 271 2422 365 2469; x_wconf 83' lang='lat' dir='ltr'><strong>etcum</strong></span> <span class='ocrx_word' id='word_1_272' title='bbox 377 2420 567 2482; x_wconf 82' lang='lat' dir='ltr'><strong>perfectioribus</strong></span> <span class='ocrx_word' id='word_1_273' title='bbox 580 2420 699 2483; x_wconf 88' lang='lat' dir='ltr'><strong>loquitur.</strong></span> 
     </span>
    </p>

    <p class='ocr_par' dir='ltr' id='par_1_13' title="bbox 190 2485 1251 2677">
     <span class='ocr_line' id='line_1_31' title="bbox 220 2485 1251 2555; baseline 0.01 -21"><span class='ocrx_word' id='word_1_274' title='bbox 220 2485 258 2535; x_wconf 80' lang='lat' dir='ltr'><strong>Ae</strong></span> <span class='ocrx_word' id='word_1_275' title='bbox 272 2491 297 2535; x_wconf 75' lang='grc' dir='ltr'><strong>ιο</strong></span> <span class='ocrx_word' id='word_1_276' title='bbox 306 2488 413 2550; x_wconf 83' lang='lat' dir='ltr'><strong>explieat</strong></span> <span class='ocrx_word' id='word_1_277' title='bbox 422 2490 485 2551; x_wconf 84' lang='lat' dir='ltr'><strong>quid</strong></span> <span class='ocrx_word' id='word_1_278' title='bbox 495 2501 547 2539; x_wconf 91' lang='lat' dir='ltr'><strong>uon</strong></span> <span class='ocrx_word' id='word_1_279' title='bbox 557 2491 591 2539; x_wconf 88' lang='lat' dir='ltr'><strong>sit</strong></span> <span class='ocrx_word' id='word_1_280' title='bbox 602 2509 609 2538; x_wconf 73' lang='grc' dir='ltr'><strong>ι</strong></span> <span class='ocrx_word' id='word_1_281' title='bbox 619 2504 671 2539; x_wconf 77' lang='lat' dir='ltr'><strong>ooo</strong></span> <span class='ocrx_word' id='word_1_282' title='bbox 685 2488 762 2551; x_wconf 76' lang='lat' dir='ltr'><strong>hujus</strong></span> <span class='ocrx_word' id='word_1_283' title='bbox 773 2488 864 2549; x_wconf 77' lang='lat' dir='ltr'><strong>seculi3</strong></span> <span class='ocrx_word' id='word_1_284' title='bbox 877 2487 902 2536; x_wconf 91' lang='lat' dir='ltr'><strong>id</strong></span> <span class='ocrx_word' id='word_1_285' title='bbox 915 2490 968 2549; x_wconf 89' lang='lat' dir='ltr'><strong>est,</strong></span> <span class='ocrx_word' id='word_1_286' title='bbox 980 2500 1033 2537; x_wconf 91' lang='lat' dir='ltr'><strong>non</strong></span> <span class='ocrx_word' id='word_1_287' title='bbox 1044 2490 1181 2555; x_wconf 80' lang='lat' dir='ltr'><strong>secularis,</strong></span> <span class='ocrx_word' id='word_1_288' title='bbox 1189 2510 1251 2544; x_wconf 90' lang='lat' dir='ltr'><strong>muu-</strong></span> 
     </span>
     <span class='ocr_line' id='line_1_32' title="bbox 190 2555 1250 2623; baseline 0.008 -19"><span class='ocrx_word' id='word_1_289' title='bbox 190 2555 274 2618; x_wconf 87' lang='lat' dir='ltr'><strong>dsna,</strong></span> <span class='ocrx_word' id='word_1_290' title='bbox 285 2557 413 2619; x_wconf 86' lang='lat' dir='ltr'><strong>humana,</strong></span> <span class='ocrx_word' id='word_1_291' title='bbox 425 2572 470 2607; x_wconf 92' lang='lat' dir='ltr'><strong>seu</strong></span> <span class='ocrx_word' id='word_1_292' title='bbox 483 2558 642 2622; x_wconf 84' lang='lat' dir='ltr'><strong>philosophia</strong></span> <span class='ocrx_word' id='word_1_293' title='bbox 653 2558 767 2608; x_wconf 80' lang='lat' dir='ltr'><strong>humana</strong></span> <span class='ocrx_word' id='word_1_294' title='bbox 781 2560 879 2608; x_wconf 87' lang='lat' dir='ltr'><strong>ratione</strong></span> <span class='ocrx_word' id='word_1_295' title='bbox 891 2562 1051 2621; x_wconf 73' lang='lat' dir='ltr'><strong>eomparata3</strong></span> <span class='ocrx_word' id='word_1_296' title='bbox 1071 2564 1200 2623; x_wconf 86' lang='lat' dir='ltr'><strong>sapientia</strong></span> <span class='ocrx_word' id='word_1_297' title='bbox 1212 2568 1250 2614; x_wconf 91' lang='lat' dir='ltr'><strong>ho-</strong></span> 
     </span>
     <span class='ocr_line' id='line_1_33' title="bbox 190 2626 603 2677; baseline 0.002 -4"><span class='ocrx_word' id='word_1_298' title='bbox 190 2626 311 2675; x_wconf 79' lang='lat' dir='ltr'><strong>minum=</strong></span> <span class='ocrx_word' id='word_1_299' title='bbox 327 2627 382 2677; x_wconf 79' lang='lat' dir='ltr'><strong>haee</strong></span> <span class='ocrx_word' id='word_1_300' title='bbox 397 2630 466 2676; x_wconf 88' lang='lat' dir='ltr'><strong>enim</strong></span> <span class='ocrx_word' id='word_1_301' title='bbox 479 2639 545 2676; x_wconf 82' lang='lat' dir='ltr'><strong>vana</strong></span> <span class='ocrx_word' id='word_1_302' title='bbox 556 2629 603 2674; x_wconf 90' lang='lat' dir='ltr'><strong>est.</strong></span> 
     </span>
    </p>

    <p class='ocr_par' dir='ltr' id='par_1_14' title="bbox 190 2692 1249 2824">
     <span class='ocr_line' id='line_1_34' title="bbox 220 2692 1249 2759; baseline 0.008 -16"><span class='ocrx_word' id='word_1_303' title='bbox 220 2695 303 2755; x_wconf 81' lang='lat' dir='ltr'><strong>Neque</strong></span> <span class='ocrx_word' id='word_1_304' title='bbox 318 2696 465 2757; x_wconf 79' lang='lat' dir='ltr'><strong>principum</strong></span> <span class='ocrx_word' id='word_1_305' title='bbox 481 2694 559 2755; x_wconf 80' lang='lat' dir='ltr'><strong>bajus</strong></span> <span class='ocrx_word' id='word_1_306' title='bbox 579 2692 675 2753; x_wconf 79' lang='lat' dir='ltr'><strong>secuti‚·</strong></span> <span class='ocrx_word' id='word_1_307' title='bbox 694 2692 720 2743; x_wconf 90' lang='lat' dir='ltr'><strong>id</strong></span> <span class='ocrx_word' id='word_1_308' title='bbox 742 2696 892 2757; x_wconf 86' lang='lat' dir='ltr'><strong>est‚i1eque</strong></span> <span class='ocrx_word' id='word_1_309' title='bbox 912 2692 1076 2759; x_wconf 71' lang='lat' dir='ltr'><strong>demonum,</strong></span> <span class='ocrx_word' id='word_1_310' title='bbox 1092 2697 1211 2753; x_wconf 84' lang='lat' dir='ltr'><strong>diabolus</strong></span> <span class='ocrx_word' id='word_1_311' title='bbox 1229 2707 1249 2751; x_wconf 91' lang='lat' dir='ltr'><strong>iu</strong></span> 
     </span>
     <span class='ocr_line' id='line_1_35' title="bbox 190 2762 1045 2824; baseline 0.007 -15"><span class='ocrx_word' id='word_1_312' title='bbox 190 2762 326 2824; x_wconf 87' lang='lat' dir='ltr'><strong>Seripturis</strong></span> <span class='ocrx_word' id='word_1_313' title='bbox 337 2774 401 2824; x_wconf 84' lang='lat' dir='ltr'><strong>saepe</strong></span> <span class='ocrx_word' id='word_1_314' title='bbox 411 2766 530 2822; x_wconf 80' lang='lat' dir='ltr'><strong>sonatur,</strong></span> <span class='ocrx_word' id='word_1_315' title='bbox 542 2762 659 2823; x_wconf 78' lang='lat' dir='ltr'><strong>princeps</strong></span> <span class='ocrx_word' id='word_1_316' title='bbox 673 2762 750 2824; x_wconf 76' lang='lat' dir='ltr'><strong>iujos</strong></span> <span class='ocrx_word' id='word_1_317' title='bbox 766 2764 852 2813; x_wconf 81' lang='lat' dir='ltr'><strong>seculi.</strong></span> <span class='ocrx_word' id='word_1_318' title='bbox 868 2764 941 2813; x_wconf 78' lang='lat' dir='ltr'><strong>ioan.</strong></span> <span class='ocrx_word' id='word_1_319' title='bbox 952 2767 990 2815; x_wconf 81' lang='grc'><strong>12.</strong></span> <span class='ocrx_word' id='word_1_320' title='bbox 1005 2770 1045 2815; x_wconf 80' lang='lat' dir='ltr'><strong>tit.</strong></span> 
     </span>
    </p>

    <p class='ocr_par' dir='ltr' id='par_1_15' title="bbox 189 2829 1249 3030">
     <span class='ocr_line' id='line_1_36' title="bbox 219 2829 1249 2900; baseline 0.011 -23"><span class='ocrx_word' id='word_1_321' title='bbox 219 2830 305 2891; x_wconf 80' lang='lat' dir='ltr'><strong>Neque</strong></span> <span class='ocrx_word' id='word_1_322' title='bbox 319 2832 442 2891; x_wconf 83' lang='lat' dir='ltr'><strong>sapientia</strong></span> <span class='ocrx_word' id='word_1_323' title='bbox 462 2830 606 2881; x_wconf 77' lang='lat' dir='ltr'><strong>damonum</strong></span> <span class='ocrx_word' id='word_1_324' title='bbox 622 2829 779 2881; x_wconf 78' lang='lat' dir='ltr'><strong>adminiculo</strong></span> <span class='ocrx_word' id='word_1_325' title='bbox 801 2835 921 2894; x_wconf 86' lang='lat' dir='ltr'><strong>inventa;</strong></span> <span class='ocrx_word' id='word_1_326' title='bbox 938 2845 982 2883; x_wconf 86' lang='lat' dir='ltr'><strong>seu</strong></span> <span class='ocrx_word' id='word_1_327' title='bbox 995 2835 1158 2900; x_wconf 83' lang='lat' dir='ltr'><strong>philosophia</strong></span> <span class='ocrx_word' id='word_1_328' title='bbox 1175 2844 1249 2892; x_wconf 83' lang='lat' dir='ltr'><strong>‹iiaho</strong></span> 
     </span>
     <span class='ocr_line' id='line_1_37' title="bbox 190 2897 1249 2973; baseline 0.015 -26"><span class='ocrx_word' id='word_1_329' title='bbox 190 2897 258 2959; x_wconf 81' lang='lat' dir='ltr'><strong>iios,</strong></span> <span class='ocrx_word' id='word_1_330' title='bbox 269 2911 295 2947; x_wconf 82' lang='lat' dir='ltr'><strong>v.</strong></span> <span class='ocrx_word' id='word_1_331' title='bbox 306 2906 341 2961; x_wconf 64' lang='lat' dir='ltr'><strong>gs,</strong></span> <span class='ocrx_word' id='word_1_332' title='bbox 355 2899 532 2950; x_wconf 81' lang='lat' dir='ltr'><strong>arsdivinandi</strong></span> <span class='ocrx_word' id='word_1_333' title='bbox 542 2938 549 2962; x_wconf 87' lang='lat'><strong>,</strong></span> <span class='ocrx_word' id='word_1_334' title='bbox 561 2903 644 2963; x_wconf 84' lang='lat' dir='ltr'><strong>magia</strong></span> <span class='ocrx_word' id='word_1_335' title='bbox 656 2902 739 2951; x_wconf 80' lang='lat' dir='ltr'><strong>cultus</strong></span> <span class='ocrx_word' id='word_1_336' title='bbox 751 2902 905 2952; x_wconf 77' lang='lat' dir='ltr'><strong>demonum.</strong></span> <span class='ocrx_word' id='word_1_337' title='bbox 917 2900 1044 2966; x_wconf 83' lang='lat' dir='ltr'><strong>Sapientia</strong></span> <span class='ocrx_word' id='word_1_338' title='bbox 1060 2914 1249 2973; x_wconf 85' lang='lat' dir='ltr'><strong>superstitiosa,</strong></span> 
     </span>
     <span class='ocr_line' id='line_1_38' title="bbox 189 2968 831 3030; baseline 0.003 -13"><span class='ocrx_word' id='word_1_339' title='bbox 189 2978 246 3029; x_wconf 70' lang='lat' dir='ltr'><strong>que</strong></span> <span class='ocrx_word' id='word_1_340' title='bbox 255 2971 319 3018; x_wconf 89' lang='lat' dir='ltr'><strong>tune</strong></span> <span class='ocrx_word' id='word_1_341' title='bbox 334 2972 388 3017; x_wconf 86' lang='lat' dir='ltr'><strong>erat</strong></span> <span class='ocrx_word' id='word_1_342' title='bbox 401 2968 527 3030; x_wconf 79' lang='lat' dir='ltr'><strong>frequens,</strong></span> <span class='ocrx_word' id='word_1_343' title='bbox 538 2972 586 3019; x_wconf 88' lang='lat' dir='ltr'><strong>ista</strong></span> <span class='ocrx_word' id='word_1_344' title='bbox 599 2972 669 3019; x_wconf 88' lang='lat' dir='ltr'><strong>enim</strong></span> <span class='ocrx_word' id='word_1_345' title='bbox 684 2972 831 3019; x_wconf 83' lang='lat' dir='ltr'><strong>vanissima.</strong></span> 
     </span>
    </p>

    <p class='ocr_par' dir='ltr' id='par_1_16' title="bbox 177 3037 1249 3245">
     <span class='ocr_line' id='line_1_39' title="bbox 223 3037 1248 3105; baseline 0.01 -18"><span class='ocrx_word' id='word_1_346' title='bbox 223 3038 274 3097; x_wconf 76' lang='lat' dir='ltr'><strong>Qui</strong></span> <span class='ocrx_word' id='word_1_347' title='bbox 288 3039 451 3088; x_wconf 64' lang='lat' dir='ltr'><strong>destruam</strong></span> <span class='ocrx_word' id='word_1_348' title='bbox 467 3060 476 3088; x_wconf 91' lang='lat'><strong>.·</strong></span> <span class='ocrx_word' id='word_1_349' title='bbox 492 3037 590 3089; x_wconf 78' lang='lat' dir='ltr'><strong>seilicet</strong></span> <span class='ocrx_word' id='word_1_350' title='bbox 607 3038 733 3101; x_wconf 81' lang='lat' dir='ltr'><strong>quantum</strong></span> <span class='ocrx_word' id='word_1_351' title='bbox 749 3040 781 3089; x_wconf 86' lang='lat' dir='ltr'><strong>sd</strong></span> <span class='ocrx_word' id='word_1_352' title='bbox 796 3042 952 3103; x_wconf 84' lang='lat' dir='ltr'><strong>potentiam,</strong></span> <span class='ocrx_word' id='word_1_353' title='bbox 969 3054 1013 3093; x_wconf 87' lang='lat' dir='ltr'><strong>seu</strong></span> <span class='ocrx_word' id='word_1_354' title='bbox 1028 3056 1141 3105; x_wconf 89' lang='lat' dir='ltr'><strong>quornm</strong></span> <span class='ocrx_word' id='word_1_355' title='bbox 1163 3050 1248 3099; x_wconf 77' lang='lat' dir='ltr'><strong>damu</strong></span> 
     </span>
     <span class='ocr_line' id='line_1_40' title="bbox 190 3108 1249 3180; baseline 0.009 -21"><span class='ocrx_word' id='word_1_356' title='bbox 190 3122 253 3159; x_wconf 90' lang='lat' dir='ltr'><strong>num</strong></span> <span class='ocrx_word' id='word_1_357' title='bbox 272 3113 381 3173; x_wconf 85' lang='lat' dir='ltr'><strong>potestas</strong></span> <span class='ocrx_word' id='word_1_358' title='bbox 398 3122 443 3173; x_wconf 87' lang='lat' dir='ltr'><strong>per</strong></span> <span class='ocrx_word' id='word_1_359' title='bbox 457 3108 551 3159; x_wconf 87' lang='lat' dir='ltr'><strong>Christi</strong></span> <span class='ocrx_word' id='word_1_360' title='bbox 564 3123 671 3173; x_wconf 76' lang='lat' dir='ltr'><strong>regnum</strong></span> <span class='ocrx_word' id='word_1_361' title='bbox 690 3111 838 3161; x_wconf 86' lang='lat' dir='ltr'><strong>destruitur.</strong></span> <span class='ocrx_word' id='word_1_362' title='bbox 853 3113 924 3163; x_wconf 82' lang='lat' dir='ltr'><strong>Nuus</strong></span> <span class='ocrx_word' id='word_1_363' title='bbox 938 3114 1153 3180; x_wconf 64' lang='lat' dir='ltr'><strong>praecesserim</strong></span> <span class='ocrx_word' id='word_1_364' title='bbox 1170 3120 1249 3171; x_wconf 78' lang='lat' dir='ltr'><strong>munit</strong></span> 
     </span>
     <span class='ocr_line' id='line_1_41' title="bbox 177 3180 588 3245; baseline -0.002 -13"><span class='ocrx_word' id='word_1_365' title='bbox 177 3181 302 3243; x_wconf 55' lang='lat' dir='ltr'><strong>ebrietur</strong></span> <span class='ocrx_word' id='word_1_366' title='bbox 318 3180 397 3245; x_wconf 76' lang='lat' dir='ltr'><strong>{orsa</strong></span> <span class='ocrx_word' id='word_1_367' title='bbox 411 3180 484 3231; x_wconf 81' lang='lat' dir='ltr'><strong>ioan.</strong></span> <span class='ocrx_word' id='word_1_368' title='bbox 498 3182 535 3230; x_wconf 83' lang='lat'><strong>12.</strong></span> <span class='ocrx_word' id='word_1_369' title='bbox 548 3184 588 3231; x_wconf 84' lang='lat' dir='ltr'><strong>tii.</strong></span> 
     </span>
    </p>

    <p class='ocr_par' dir='ltr' id='par_1_17' title="bbox 134 3248 1249 3520">
     <span class='ocr_line' id='line_1_42' title="bbox 218 3248 1249 3324; baseline 0.007 -23"><span class='ocrx_word' id='word_1_370' title='bbox 218 3252 245 3301; x_wconf 86' lang='lat' dir='ltr'><strong>Si</strong></span> <span class='ocrx_word' id='word_1_371' title='bbox 256 3264 317 3302; x_wconf 84' lang='lat' dir='ltr'><strong>eum</strong></span> <span class='ocrx_word' id='word_1_372' title='bbox 333 3250 391 3301; x_wconf 88' lang='lat' dir='ltr'><strong>aliis</strong></span> <span class='ocrx_word' id='word_1_373' title='bbox 407 3264 456 3314; x_wconf 77' lang='lat' dir='ltr'><strong>per</strong></span> <span class='ocrx_word' id='word_1_374' title='bbox 469 3250 596 3313; x_wconf 62' lang='lat' dir='ltr'><strong>parmper</strong></span> <span class='ocrx_word' id='word_1_375' title='bbox 608 3250 685 3313; x_wconf 68' lang='lat' dir='ltr'><strong>buius</strong></span> <span class='ocrx_word' id='word_1_376' title='bbox 698 3250 790 3311; x_wconf 77' lang='lat' dir='ltr'><strong>result,</strong></span> <span class='ocrx_word' id='word_1_377' title='bbox 802 3248 927 3311; x_wconf 84' lang='lat' dir='ltr'><strong>intelligas</strong></span> <span class='ocrx_word' id='word_1_378' title='bbox 937 3256 1087 3317; x_wconf 80' lang='lat' dir='ltr'><strong>magnates,</strong></span> <span class='ocrx_word' id='word_1_379' title='bbox 1099 3261 1147 3319; x_wconf 88' lang='lat' dir='ltr'><strong>qui</strong></span> <span class='ocrx_word' id='word_1_380' title='bbox 1160 3265 1249 3324; x_wconf 69' lang='lat' dir='ltr'><strong>espiers</strong></span> 
     </span>
     <span class='ocr_line' id='line_1_43' title="bbox 187 3321 1247 3393; baseline 0.007 -22"><span class='ocrx_word' id='word_1_381' title='bbox 187 3322 223 3371; x_wconf 83' lang='lat' dir='ltr'><strong>ua</strong></span> <span class='ocrx_word' id='word_1_382' title='bbox 233 3360 240 3384; x_wconf 90' lang='lat'><strong>,</strong></span> <span class='ocrx_word' id='word_1_383' title='bbox 252 3324 376 3386; x_wconf 88' lang='lat' dir='ltr'><strong>opibuset</strong></span> <span class='ocrx_word' id='word_1_384' title='bbox 385 3321 498 3385; x_wconf 78' lang='lat' dir='ltr'><strong>potentia</strong></span> <span class='ocrx_word' id='word_1_385' title='bbox 509 3324 629 3383; x_wconf 70' lang='lat' dir='ltr'><strong>prestant</strong></span> <span class='ocrx_word' id='word_1_386' title='bbox 639 3322 706 3369; x_wconf 88' lang='lat' dir='ltr'><strong>inter</strong></span> <span class='ocrx_word' id='word_1_387' title='bbox 717 3321 846 3381; x_wconf 88' lang='lat' dir='ltr'><strong>hom-ines;</strong></span> <span class='ocrx_word' id='word_1_388' title='bbox 855 3324 880 3370; x_wconf 85' lang='lat' dir='ltr'><strong>et</strong></span> <span class='ocrx_word' id='word_1_389' title='bbox 892 3334 1002 3383; x_wconf 85' lang='lat' dir='ltr'><strong>quorum</strong></span> <span class='ocrx_word' id='word_1_390' title='bbox 1011 3326 1120 3376; x_wconf 84' lang='lat' dir='ltr'><strong>seientia</strong></span> <span class='ocrx_word' id='word_1_391' title='bbox 1134 3336 1177 3380; x_wconf 86' lang='lat' dir='ltr'><strong>est</strong></span> <span class='ocrx_word' id='word_1_392' title='bbox 1193 3332 1247 3393; x_wconf 88' lang='lat' dir='ltr'><strong>poli·</strong></span> 
     </span>
     <span class='ocr_line' id='line_1_44' title="bbox 134 3388 1247 3459; baseline 0.01 -24"><span class='ocrx_word' id='word_1_393' title='bbox 134 3430 137 3435; x_wconf 91' lang='lat'><em>.</em></span> <span class='ocrx_word' id='word_1_394' title='bbox 189 3394 255 3453; x_wconf 74' lang='lat' dir='ltr'><strong>tion,</strong></span> <span class='ocrx_word' id='word_1_395' title='bbox 266 3390 482 3455; x_wconf 71' lang='lat' dir='ltr'><strong>jurisprudentia,</strong></span> <span class='ocrx_word' id='word_1_396' title='bbox 495 3390 606 3451; x_wconf 78' lang='lat' dir='ltr'><strong>cognitio</strong></span> <span class='ocrx_word' id='word_1_397' title='bbox 615 3388 780 3439; x_wconf 87' lang='lat' dir='ltr'><strong>historiarum</strong></span> <span class='ocrx_word' id='word_1_398' title='bbox 791 3407 799 3438; x_wconf 73' lang='grc' dir='ltr'><strong><em>ε</em></strong></span> <span class='ocrx_word' id='word_1_399' title='bbox 811 3388 922 3451; x_wconf 83' lang='lat' dir='ltr'><strong>intellige</strong></span> <span class='ocrx_word' id='word_1_400' title='bbox 934 3392 1010 3441; x_wconf 87' lang='lat' dir='ltr'><strong>etiam</strong></span> <span class='ocrx_word' id='word_1_401' title='bbox 1024 3394 1070 3454; x_wconf 88' lang='lat' dir='ltr'><strong>qui</strong></span> <span class='ocrx_word' id='word_1_402' title='bbox 1088 3406 1136 3459; x_wconf 86' lang='lat' dir='ltr'><strong>per</strong></span> <span class='ocrx_word' id='word_1_403' title='bbox 1148 3406 1247 3449; x_wconf 76' lang='lat' dir='ltr'><strong>mortem</strong></span> 
     </span>
     <span class='ocr_line' id='line_1_45' title="bbox 188 3461 550 3520; baseline -0.008 -9"><span class='ocrx_word' id='word_1_404' title='bbox 188 3461 336 3520; x_wconf 88' lang='lat' dir='ltr'><strong>abolentur,</strong></span> <span class='ocrx_word' id='word_1_405' title='bbox 347 3463 374 3509; x_wconf 87' lang='lat' dir='ltr'><strong>st</strong></span> <span class='ocrx_word' id='word_1_406' title='bbox 385 3462 550 3509; x_wconf 75' lang='lat' dir='ltr'><strong>assuescunt.</strong></span> 
     </span>
    </p>

    <p class='ocr_par' dir='ltr' id='par_1_18' title="bbox 189 3542 1247 3676">
     <span class='ocr_line' id='line_1_46' title="bbox 220 3542 1247 3611; baseline 0.002 -16"><span class='ocrx_word' id='word_1_407' title='bbox 220 3545 269 3595; x_wconf 80' lang='lat' dir='ltr'><strong>Sed</strong></span> <span class='ocrx_word' id='word_1_408' title='bbox 289 3543 419 3605; x_wconf 77' lang='lat' dir='ltr'><strong>loquimur</strong></span> <span class='ocrx_word' id='word_1_409' title='bbox 433 3544 480 3592; x_wconf 78' lang='lat' dir='ltr'><strong>Dea·</strong></span> <span class='ocrx_word' id='word_1_410' title='bbox 498 3544 660 3605; x_wconf 77' lang='lat' dir='ltr'><strong>sapientium.</strong></span> <span class='ocrx_word' id='word_1_411' title='bbox 674 3544 702 3592; x_wconf 75' lang='grc' dir='ltr'><strong>2ο</strong></span> <span class='ocrx_word' id='word_1_412' title='bbox 715 3542 830 3605; x_wconf 79' lang='lat' dir='ltr'><strong>Explicat</strong></span> <span class='ocrx_word' id='word_1_413' title='bbox 843 3543 972 3606; x_wconf 77' lang='lat' dir='ltr'><strong>quid-sit:</strong></span> <span class='ocrx_word' id='word_1_414' title='bbox 987 3546 1142 3611; x_wconf 79' lang='lat' dir='ltr'><strong>sapientiem</strong></span> <span class='ocrx_word' id='word_1_415' title='bbox 1154 3552 1217 3611; x_wconf 80' lang='lat' dir='ltr'><strong>Dei,</strong></span> <span class='ocrx_word' id='word_1_416' title='bbox 1229 3554 1247 3598; x_wconf 86' lang='lat' dir='ltr'><strong>ei</strong></span> 
     </span>
     <span class='ocr_line' id='line_1_47' title="bbox 189 3612 849 3676; baseline -0.003 -11"><span class='ocrx_word' id='word_1_417' title='bbox 189 3615 371 3676; x_wconf 68' lang='lat' dir='ltr'><strong>consequenter</strong></span> <span class='ocrx_word' id='word_1_418' title='bbox 383 3623 487 3673; x_wconf 76' lang='lat' dir='ltr'><strong>seram,</strong></span> <span class='ocrx_word' id='word_1_419' title='bbox 498 3615 565 3663; x_wconf 88' lang='lat' dir='ltr'><strong>sieut</strong></span> <span class='ocrx_word' id='word_1_420' title='bbox 575 3612 641 3663; x_wconf 86' lang='lat' dir='ltr'><strong>ileos</strong></span> <span class='ocrx_word' id='word_1_421' title='bbox 649 3615 702 3676; x_wconf 86' lang='lat' dir='ltr'><strong>ipse</strong></span> <span class='ocrx_word' id='word_1_422' title='bbox 712 3624 787 3663; x_wconf 81' lang='lat' dir='ltr'><strong>serus</strong></span> <span class='ocrx_word' id='word_1_423' title='bbox 803 3617 849 3663; x_wconf 88' lang='lat' dir='ltr'><strong>est.</strong></span> 
     </span>
    </p>

    <p class='ocr_par' dir='ltr' id='par_1_19' title="bbox 187 3686 1246 3889">
     <span class='ocr_line' id='line_1_48' title="bbox 218 3686 1246 3757; baseline 0.003 -18"><span class='ocrx_word' id='word_1_424' title='bbox 218 3687 376 3754; x_wconf 57' lang='lat' dir='ltr'><strong>§spientim</strong></span> <span class='ocrx_word' id='word_1_425' title='bbox 385 3686 538 3748; x_wconf 70' lang='lat' dir='ltr'><strong>temperetis</strong></span> <span class='ocrx_word' id='word_1_426' title='bbox 553 3688 726 3739; x_wconf 71' lang='lat' dir='ltr'><strong>absconditum</strong></span> <span class='ocrx_word' id='word_1_427' title='bbox 736 3710 746 3739; x_wconf 86' lang='lat'><strong>.-</strong></span> <span class='ocrx_word' id='word_1_428' title='bbox 756 3698 801 3738; x_wconf 85' lang='lat' dir='ltr'><strong>seu</strong></span> <span class='ocrx_word' id='word_1_429' title='bbox 824 3698 880 3749; x_wconf 74' lang='lat' dir='ltr'><strong>qna</strong></span> <span class='ocrx_word' id='word_1_430' title='bbox 892 3687 1037 3739; x_wconf 78' lang='lat' dir='ltr'><strong>abscondita</strong></span> <span class='ocrx_word' id='word_1_431' title='bbox 1055 3692 1093 3741; x_wconf 86' lang='lat' dir='ltr'><strong>est</strong></span> <span class='ocrx_word' id='word_1_432' title='bbox 1110 3693 1141 3741; x_wconf 92' lang='lat' dir='ltr'><strong>in</strong></span> <span class='ocrx_word' id='word_1_433' title='bbox 1158 3697 1246 3757; x_wconf 82' lang='lat' dir='ltr'><strong>myste-</strong></span> 
     </span>
     <span class='ocr_line' id='line_1_49' title="bbox 187 3755 1245 3821; baseline 0.003 -14"><span class='ocrx_word' id='word_1_434' title='bbox 187 3762 242 3819; x_wconf 87' lang='lat' dir='ltr'><strong>rio,</strong></span> <span class='ocrx_word' id='word_1_435' title='bbox 261 3761 286 3806; x_wconf 90' lang='lat' dir='ltr'><strong>et</strong></span> <span class='ocrx_word' id='word_1_436' title='bbox 298 3769 343 3821; x_wconf 85' lang='lat' dir='ltr'><strong>per</strong></span> <span class='ocrx_word' id='word_1_437' title='bbox 360 3755 510 3817; x_wconf 75' lang='lat' dir='ltr'><strong>mysterium</strong></span> <span class='ocrx_word' id='word_1_438' title='bbox 528 3756 729 3818; x_wconf 80' lang='lat' dir='ltr'><strong>lneamationis;</strong></span> <span class='ocrx_word' id='word_1_439' title='bbox 740 3769 796 3819; x_wconf 75' lang='lat' dir='ltr'><strong>qua</strong></span> <span class='ocrx_word' id='word_1_440' title='bbox 814 3756 958 3806; x_wconf 89' lang='lat' dir='ltr'><strong>lnearnatio</strong></span> <span class='ocrx_word' id='word_1_441' title='bbox 971 3762 1008 3807; x_wconf 87' lang='lat' dir='ltr'><strong>est</strong></span> <span class='ocrx_word' id='word_1_442' title='bbox 1018 3770 1063 3821; x_wconf 85' lang='lat' dir='ltr'><strong>per</strong></span> <span class='ocrx_word' id='word_1_443' title='bbox 1076 3762 1245 3813; x_wconf 82' lang='lat' dir='ltr'><strong>excellentiam</strong></span> 
     </span>
     <span class='ocr_line' id='line_1_50' title="bbox 187 3823 1023 3889; baseline 0.002 -14"><span class='ocrx_word' id='word_1_444' title='bbox 187 3826 336 3887; x_wconf 75' lang='lat' dir='ltr'><strong>musterium</strong></span> <span class='ocrx_word' id='word_1_445' title='bbox 343 3825 403 3881; x_wconf 82' lang='lat' dir='ltr'><strong>Dei,</strong></span> <span class='ocrx_word' id='word_1_446' title='bbox 413 3823 603 3875; x_wconf 75' lang='lat' dir='ltr'><strong>Sacramentum</strong></span> <span class='ocrx_word' id='word_1_447' title='bbox 615 3826 661 3875; x_wconf 79' lang='lat' dir='ltr'><strong>liei</strong></span> <span class='ocrx_word' id='word_1_448' title='bbox 668 3843 678 3887; x_wconf 91' lang='lat'><em>;</em></span> <span class='ocrx_word' id='word_1_449' title='bbox 691 3830 720 3875; x_wconf 92' lang='lat' dir='ltr'><strong>ut</strong></span> <span class='ocrx_word' id='word_1_450' title='bbox 733 3828 786 3889; x_wconf 86' lang='lat' dir='ltr'><strong>ipsa</strong></span> <span class='ocrx_word' id='word_1_451' title='bbox 799 3824 892 3875; x_wconf 86' lang='lat' dir='ltr'><strong>Paulus</strong></span> <span class='ocrx_word' id='word_1_452' title='bbox 903 3825 1023 3887; x_wconf 88' lang='lat' dir='ltr'><strong>loquitur.</strong></span> 
     </span>
    </p>
   </div>
   <div class='ocr_carea' id='block_1_8' title="bbox 188 3890 1243 4013">
    <p class='ocr_par' dir='ltr' id='par_1_20' title="bbox 188 3890 1243 4013">
     <span class='ocr_line' id='line_1_51' title="bbox 188 3890 1243 4013; baseline 0.007 -70"><span class='ocrx_word' id='word_1_453' title='bbox 188 3894 339 4013; x_wconf 48' lang='lat' dir='ltr'><strong>tseffissnm</strong></span> <span class='ocrx_word' id='word_1_454' title='bbox 356 3896 396 3946; x_wconf 86' lang='lat' dir='ltr'><strong>est</strong></span> <span class='ocrx_word' id='word_1_455' title='bbox 406 3902 464 3957; x_wconf 74' lang='lat' dir='ltr'><strong>erqo</strong></span> <span class='ocrx_word' id='word_1_456' title='bbox 483 3890 527 3942; x_wconf 87' lang='lat' dir='ltr'><strong>iila</strong></span> <span class='ocrx_word' id='word_1_457' title='bbox 545 3892 590 3946; x_wconf 82' lang='lat' dir='ltr'><strong>liei</strong></span> <span class='ocrx_word' id='word_1_458' title='bbox 605 3896 728 3964; x_wconf 80' lang='lat' dir='ltr'><strong>sapientia</strong></span> <span class='ocrx_word' id='word_1_459' title='bbox 745 3905 823 3962; x_wconf 82' lang='lat' dir='ltr'><strong>quem</strong></span> <span class='ocrx_word' id='word_1_460' title='bbox 839 3894 868 3947; x_wconf 86' lang='lat' dir='ltr'><strong>li.</strong></span> <span class='ocrx_word' id='word_1_461' title='bbox 882 3895 974 3963; x_wconf 74' lang='lat' dir='ltr'><strong>Pardus</strong></span> <span class='ocrx_word' id='word_1_462' title='bbox 987 3894 1100 3963; x_wconf 90' lang='lat' dir='ltr'><strong>loquitur</strong></span> <span class='ocrx_word' id='word_1_463' title='bbox 1117 3910 1183 3952; x_wconf 86' lang='lat' dir='ltr'><strong>eum</strong></span> <span class='ocrx_word' id='word_1_464' title='bbox 1198 3913 1243 3967; x_wconf 82' lang='lat' dir='ltr'><strong>per·</strong></span> 
     </span>
    </p>
   </div>
   <div class='ocr_carea' id='block_1_9' title="bbox 0 0 1284 4450">
    <p class='ocr_par' dir='ltr' id='par_1_21' title="bbox 0 0 1284 4450">
     <span class='ocr_line' id='line_1_52' title="bbox 0 0 1284 4450; baseline 0 1"><span class='ocrx_word' id='word_1_465' title='bbox 0 0 1284 4450; x_wconf 95' lang='lat' dir='ltr'><strong> </strong></span> 
     </span>
    </p>
   </div>
  </div>
 </body>
</html>
