2559 4450
306 244 479 309 rarrtax
497 251 726 312 EXPOSITID.
745 256 827 312 Chl’.
845 249 898 312 t‘r.
1078 261 1131 317 tat

74 324 141 393 ss.
155 342 231 396 Deus
243 344 312 399 verb
323 350 351 399 et
359 347 508 403 Dominum
561 348 627 401 Deus
639 354 709 403 enim
728 355 772 416 qni
788 352 927 418 Dominum
940 316 1132 416 ontionem

26 418 226 487 suscitavit,
246 426 274 475 et
294 425 509 479 ressuscitabit
531 432 577 470 11⁰⁵
594 434 728 484 111ῐὸ111111
750 426 961 487 ⁰fflssii⁰i⁸1¹fi³m
984 425 1131 487 1111111111,

25 507 94 559 per·
112 495 256 550 virtutem
267 512 356 555 guam,
531 491 609 573 nt'iu
633 494 757 541 atemnm
781 491 898 555 Christo,
919 495 997 557 capiti
1027 496 1132 555 nostro,

532 572 664 609 uniamur.

71 610 138 663 15·
155 610 274 663 N0⁸⁰ffi⁸
290 611 423 678 1111011111ῑῦ
442 627 506 666 ⁰0¹⁸·
561 628 587 679 Sl
606 631 726 689 nescitis,
738 626 798 680 sane
815 634 880 682 scire
899 632 1011 693 debetis,
1026 645 1132 697 corpora

24 697 121 748 pora
157 691 253 740 vestra
289 688 415 742 membra
442 697 508 745 sunt
531 700 612 748 vestra
633 710 687 748 esse
704 697 798 748 Christi
816 699 917 751 Domini
935 703 1070 751 mambrae
1089 713 1133 751 er·

25 762 179 817 Christi?
192 765 292 819 tollens
303 780 368 835 erge
382 768 507 822 membra
530 780 594 829 gone
614 767 705 817 tollens
727 769 842 818 membra
866 782 923 832 quae
942 770 1035 820 Christi
1056 772 1130 831 sunt,

25 841 176 909 Christi,
194 843 295 899 faciam
314 848 508 903 membrum.
529 836 1130 919 uadameameretrieiihbsithocsacriIegium.

27 920 194 976 tetricis?
205 922 293 979 Absit.

31 1040 1122 1068 mm

69 1122 189 1187 Corpus
206 1128 324 1175 nostrum
335 1125 436 1176 Domini
449 1127 488 1175 est
497 1128 545 1185 ,nt
557 1119 702 1175 membrum
715 1125 787 1185 elau
799 1125 825 1174 et
838 1124 962 1175 Dominus
978 1128 1058 1176 nostri
1073 1139 1125 1178 eor·
1175 1115 1179 1123 ’

28 1195 125 1255 poris
138 1195 193 1255 est,
203 1197 233 1243 nt
243 1198 320 1257 caput
330 1194 400 1245 illins
412 1208 419 1244 a
430 1197 546 1245 nostrum
561 1206 619 1255 ergo
630 1205 723 1255 corpus
736 1194 844 1244 Domirm
856 1196 934 1259 capiti
945 1200 1047 1259 nostro,
1061 1196 1128 1248 caste

30 1267 64 1312 et
79 1263 186 1315 sancte
199 1262 272 1315 (lebet
285 1263 419 1327 temulari,
430 1276 483 1314 non
498 1263 558 1313 vert
569 1263 732 1313 fornicationi
744 1276 845 1315 vacare.

70 1338 134 1389 Hic
145 1340 258 1403 primam
271 1341 396 1389 rationem
410 1342 471 1389 nota
481 1340 638 1389 avertentem
648 1338 665 1387 t
675 1338 842 1391 fornicatione
852 1359 859 1392 r
870 1341 971 1394 Domini
987 1344 1026 1392 est
1037 1352 1129 1405 corpus

31 1413 193 1470 nostrum,
210 1412 237 1459 et
255 1408 378 1459 Dominus
398 1413 437 1459 est
452 1412 532 1459 nostri
548 1410 675 1471 corporis;
693 1409 837 1461 membrum
853 1423 942 1461 snmus
966 1410 1059 1461 Christi
1080 1412 1129 1460 Do*

30 1480 118 1529 mini
127 1497 137 1540 ς
145 1478 264 1529 Christus
276 1482 363 1529 antem
375 1479 498 1529 Dominus
508 1479 708 1541 corporisnostri
720 1482 797 1540 eaput
809 1481 862 1528 esta
871 1478 927 1529 hec
940 1478 1029 1529 relatio
1040 1481 1142 1544 capitis·

32 1550 76 1599 ad
93 1548 263 1609 membrum,
279 1551 304 1598 et
316 1548 425 1599 membri
437 1548 471 1599 ad
484 1552 574 1611 capnt,
591 1546 669 1597 infert
682 1548 806 1598 castitatis
816 1546 1003 1610 obligationem.

73 1625 163 1676 Sicut
171 1622 285 1673 Christus
292 1622 368 1674 emus
379 1627 417 1675 est
429 1628 506 1688 capnt
517 1624 615 1686 corpori
627 1625 714 1673 nostro
723 1658 730 1683 ,
740 1626 771 1672 ut
779 1622 844 1673 illud
852 1624 993 1675 sanctificet
1002 1628 1027 1674 et
1036 1628 1106 1687 regat
1117 1641 1125 1675 r

34 1697 84 1745 sic
102 1706 204 1759 corpus
217 1698 334 1745 nostrum
345 1692 434 1746 datum
447 1698 486 1745 est
496 1694 611 1753 Christo,
625 1696 655 1743 ut
666 1692 705 1743 illi
716 1694 793 1744 metis
805 1697 832 1744 et
847 1697 943 1748 sanrtb
956 1695 1071 1748 moribus
1085 1694 1128 1746 ie-

36 1768 163 1817 serriat.
585 1801 587 1805 ·

78 1855 124 1904 ri.
139 1852 305 1905 Deoreaiet
317 1853 454 1906 Dominam
466 1852 605 1913 melreo,
619 1858 643 1904 et
652 1866 728 1905 ner...
737 1864 772 1904 ne
783 1856 904 1918 putarent
914 1855 992 1904 etlam
1004 1853 1072 1905 hanc
1084 1864 1126 1905 re-

37 1922 181 1973 lationem
194 1924 358 1986 temporalem
370 1936 438 1986 esse,
448 1928 474 1974 et
483 1924 554 1975 brevi
565 1923 703 1973 desitmam
713 1957 721 1983 ,
731 1922 864 1972 scilieetin
876 1927 958 1973 morte
968 1960 976 1984 ,
986 1925 1053 1972 sient
1062 1926 1126 1973 tnnc

40 1994 158 2043 desinet
169 1990 257 2042 relatio
267 1994 363 2045 reatris
373 1992 407 2043 ad
417 2004 503 2055 escas,
514 1996 541 2043 et
555 2004 672 2043 escarum
683 1991 717 2040 ai
728 1994 858 2052 renuam,
869 1989 960 2054 aequa
972 2003 1048 2041 versa
1058 2001 1126 2055 pra-

40 2062 174 2113 cedente.
525 2076 529 2083 ·

78 2136 204 2187 Affirmnt
220 2139 341 2187 aternam
358 2136 412 2189 iore
430 2136 499 2191 hanc
512 2134 592 2187 nostri
611 2146 672 2187 cum
686 2133 795 2186 Domino
806 2134 969 2197 relationem
982 2136 1043 2197 qnia
1058 2136 1126 2185 slent

41 2210 122 2261 Deus
136 2206 267 2258 Christum
277 2207 415 2260 Marinum
424 2206 574 2260 crucifixum
586 2209 611 2257 et
623 2208 754 2258 mortuum
766 2206 899 2256 suscitavit
912 2205 928 2256 i
940 2208 1049 2256 mortuis
1063 2227 1070 2256 t
1087 2208 1125 2257 sic

42 2283 73 2327 et
95 2290 146 2328 nos
157 2277 279 2328 advitam
294 2281 415 2329 aternam
427 2291 473 2342 per
486 2291 559 2328 suam
569 2279 782 2340 omnipotentiam
801 2276 945 2339 suscitabit,
961 2277 1031 2326 utin
1052 2279 1126 2328 reter-

43 2361 119 2398 num
135 2346 173 2397 illi
184 2385 193 2408 ,
203 2351 325 2410 anquam
337 2351 412 2412 capiti
425 2351 529 2409 nostre,
545 2350 677 2398 uniamur.

81 2417 188 2468 Christo
198 2419 298 2479 imque,
308 2419 336 2468 in
346 2422 470 2470 eternum
482 2421 569 2469 nostro
580 2419 658 2481 capiti
671 2419 697 2467 et
704 2416 828 2478 Domino,
839 2415 923 2479 aigne,
934 2415 961 2466 id
972 2417 1025 2478 est,
1037 2416 1124 2467 saneti

44 2491 76 2539 et
95 2487 167 2538 caste
180 2487 356 2538 serviendum:
368 2489 451 2545 omnis
461 2486 621 2552 impudicitia
629 2486 772 2538 Christiano
784 2485 919 2549 fugienda,
929 2486 1066 2550 horrenda,
1074 2498 1123 2537 nee

44 2559 205 2610 nominetur
217 2560 246 2609 in
263 2559 346 2609 nobis.

84 2647 127 2696 15.
140 2645 244 2698 Nescitis
259 2647 380 2710 wentam
399 2659 507 2710 corpere
519 2652 611 2699 oestro.
623 2645 722 2698 Clariis
734 2644 842 2710 explicet
854 2645 931 2710 snpra
943 2645 1039 2698 dietam
1057 2645 1123 2699 reia·

45 2719 168 2777 tionem,
180 2719 205 2766 et
215 2717 333 2777 intimam
347 2717 440 2767 Christi
451 2716 569 2779 Domini,
580 2719 670 2782 capitis
680 2716 812 2778 Ecclesia,
828 2719 950 2767 unionem
961 2731 1021 2768 cum
1031 2730 1123 2782 corpe⁴

44 2788 126 2839 ribus
141 2788 233 2838 nestris
240 2805 248 2848 ς
256 2789 285 2836 ut
293 2785 467 2836 Christianum
480 2797 582 2837 omnam
595 2787 706 2850 pressius
717 2792 804 2850 urgeat
812 2788 850 2837 ad*
855 2787 1048 2839 fornicationem
1061 2801 1122 2840 cum

44 2858 162 2908 horrore
171 2855 317 2918 inplendum
327 2874 335 2918 3
344 2859 445 2920 utpote,
457 2868 513 2917 qua
524 2856 624 2907 Christe
634 2857 757 2920 Domino,
767 2858 844 2920 capiti
858 2860 961 2920 nostro,
974 2859 1122 2923 sacrilegam

45 2927 150 2979 inierat
164 2927 295 2986 iniuriam.

83 3001 111 3053 Si
124 3003 236 3062 nescitis,
244 3012 305 3050 sane
316 3001 381 3050 seire
391 2999 486 3052 debetis
495 3039 502 3063 ,
511 3005 708 3066 corporarestra
718 3015 771 3053 esse
780 3003 874 3054 Christi
884 3003 984 3054 Domini
996 3006 1118 3057 membra.

47 3073 96 3124 Sic
114 3071 182 3121 Deus
195 3071 278 3133 ipsum
290 3069 360 3134 (ledit
370 3073 446 3133 caput
459 3071 595 3133 Ecclesia,
608 3075 637 3122 ut
647 3073 680 3121 sit
690 3075 716 3120 et
725 3071 884 3133 singulorum
899 3071 1013 3121 libellum
1026 3078 1119 3135 capati

46 3139 168 3192 Ecclesia
180 3141 319 3202 mysticum
331 3128 425 3190 Christi
439 3152 530 3202 corpus
543 3143 596 3202 est,·
610 3140 704 3201 singuli
718 3139 872 3199 Christiani,
882 3133 975 3188 Christi
987 3143 1119 3203 membra,

47 3215 110 3261 tum
123 3209 211 3260 animi
219 3243 226 3270 ,
235 3212 293 3261 tum
304 3219 408 3272 corpore
414 3228 423 3271 ;
435 3211 495 3271 quia
504 3209 620 3259 Christus
630 3211 754 3271 integram
764 3211 879 3259 nostram
893 3211 1030 3273 assumpsit
1042 3214 1120 3262 natu·

47 3292 110 3330 ram
122 3315 132 3341 ,
142 3282 168 3329 et
182 3278 340 3342 spiritualem
355 3283 380 3328 et
395 3291 551 3342 corpoream.
1113 3293 1118 3300 ·

81 3353 155 3406 Licbt
164 3355 234 3404 enim
243 3353 357 3405 Christus
367 3351 490 3402 Dominus
502 3355 535 3402 sit
544 3354 621 3416 eaput
629 3354 746 3402 neuram
754 3387 762 3413 ‚
770 3350 896 3415 precipue
909 3353 1008 3404 ratione
1016 3358 1119 3417 anima,

49 3425 98 3488 qul
114 3422 205 3484 tidem,
221 3426 345 3486 gratiam,
361 3425 443 3476 ritam
467 3422 624 3484 spiritualem
644 3425 670 3470 et
689 3421 804 3472 airinom
826 3423 949 3484 inspirat;
968 3424 1120 3475 secundarib

48 3499 141 3546 nmen
155 3496 272 3546 nostrum
290 3496 367 3546 etlam
383 3495 460 3556 eaput
479 3496 516 3542 est
531 3494 647 3556 respectu
662 3495 807 3542 nostrorum
820 3504 968 3555 corporum,
985 3505 1041 3556 qna
1058 3501 1120 3544 sunt

49 3567 147 3617 anima
156 3567 447 3625 pertransiremus,
459 3563 545 3626 eisque
559 3561 666 3626 largitur
674 3563 730 3616 rim
744 3560 1006 3626 sternentemque
1018 3563 1119 3615 tacliibs

49 3637 148 3686 anima
162 3637 298 3698 imperanti
309 3637 424 3698 pareant.

83 3708 311 3771 trihemitonio,
326 3709 341 3758 ὁ
355 3709 513 3760 Christiane!
532 3707 648 3759 Christus
658 3712 736 3771 capnt
745 3711 821 3758 tunm
834 3711 872 3759 est
883 3729 890 3758 ι
903 3715 933 3760 tu
948 3708 1040 3758 Christi
1053 3745 1061 3770 ,
1073 3721 1114 3760 aa·

50 3779 113 3844 pitis
127 3777 261 3840 Ecclesia,
272 3777 431 3828 membrum:
441 3777 473 3827 de
485 3783 510 3828 te
523 3814 530 3839 ,
542 3781 570 3828 in
581 3777 709 3840 Baptismo
721 3782 746 3828 et
756 3791 801 3842 per
811 3778 969 3841 Baptismum
978 3815 985 3839 ‚
994 3783 1048 3828 tam
1059 3778 1112 3835 veri
1152 3775 1167 3830 ξ’·

51 3849 137 3900 dicere
147 3851 230 3913 potest
245 3848 377 3899 Christus:
390 3847 439 3898 hec
453 3851 491 3898 est
501 3860 593 3912 corpus
604 3858 691 3898 meum
704 3849 859 3912 mysticum,
870 3849 966 3899 scilieet
978 3852 1005 3899 et
1020 3850 1118 3913 adoptio

52 3931 129 3979 rum,
138 3917 215 3980 quim
228 3919 257 3968 in
268 3915 441 3984 anchusae,
454 3916 503 3970 hee
518 3920 572 3982 est,
583 3927 676 3984 eorpus
687 3929 791 3984 meam,
802 3917 932 3982 meante,
941 3928 987 3983 por
997 3919 1118 3972 Dennab-

55 3987 256 4048 scabionem.

1048 4206 1056 4235 Ι
