2559 4450
206 364 211 372 '
273 358 440 418 rairbbx
457 364 681 425 rxrcsirro.
700 369 785 426 CAP.
802 370 860 429 xi:
1043 372 1100 432 im

21 468 104 507 ruam
130 467 245 511 omnam
270 459 414 523 ριωιιιιιιιι
439 457 475 514 ad
496 460 568 513 tudae
578 464 715 527 proditori,
727 466 948 519 eommunisiuit·
941 472 1099 533 massanis·

21 532 269 587 manducandum
281 537 315 587 Et
326 536 397 589 alius
408 537 474 603 qui.
496 542 546 593 que
556 536 643 583 autem
653 535 766 586 restrdm
778 550 850 587 suam
859 539 988 601 propriam
997 550 1098 591 emnam

21 611 87 663 gem
132 611 243 678 esurit
276 613 347 668 agius
379 620 474 669 „utem
496 603 636 671 anticipat,
648 616 700 654 non
713 610 862 669 exspectatis
880 608 952 669 aliis;
965 608 1096 670 undebt,

21 687 122 741 ,brius
140 692 197 741 031,
498 674 525 720 ιιι
536 670 602 721 alius
618 666 731 735 esuriat,
740 676 802 726 dum
814 676 880 728 alius
888 676 1024 741 plusquam
1034 680 1098 729 retis

496 741 661 793 manducavit
671 749 698 795 et
707 746 780 796 bibit.

51 802 102 852 Ἡ.
126 800 272 868 Numquid
294 801 394 856 domos
414 818 472 859 non
527 812 553 861 Si
566 814 602 862 sie
611 817 694 863 vestra
705 814 751 875 soli
764 814 842 865 valtis
854 816 998 877 comedere,
1013 820 1038 867 et
1049 828 1097 867 ros

21 878 136 931 trahetis
153 879 190 932 ad
206 879 433 937 manducandum
446 890 473 938 et
496 882 666 943 ingurgitare,
680 895 726 936 eur
741 882 768 932 id
786 883 854 934 domi
874 897 926 934 non
940 883 1039 947 facitis,
1050 885 1095 937 nbi

21 956 207 1009 bibendum?
495 950 590 1000 minori
604 963 663 1001 eum
677 956 780 1015 peccato
790 950 817 1002 id
833 955 960 1015 ageretis?

21 1038 72 1086 lut
85 1034 247 1099 Ecclesiam
257 1035 311 1093 Dei
318 1039 473 1094 contemni
526 1038 565 1091 Αιι
581 1054 639 1103 ergo
649 1045 797 1093 sanctarum
812 1042 1035 1105 Coagregationem
1054 1045 1094 1094 ri-

21 1113 75 1166 iis?
201 1144 204 1149 -
495 1110 752 1175 irpenditis,baee1n
770 1128 859 1166 eorum
872 1119 1048 1177 conspecturi
1064 1118 1095 1168 ln

495 1180 550 1231 loco
562 1185 651 1232 saneto
663 1184 853 1245 perpetrantes?

21 1247 51 1295 Et
71 1243 252 1301 confunditis
269 1256 321 1301 eod
342 1246 409 1315 qui
413 1262 472 1303 non
524 1250 564 1301 Αιι
580 1251 676 1333 pudore
693 1250 771 1300 vultis
790 1250 936 1301 suffundere
953 1262 1093 1313 pauperes,

21 1325 156 1379 bahem?
336 1340 338 1347 v
494 1322 555 1385 qui,
567 1318 825 1382 quianibilbabent,
837 1320 902 1369 nihil
919 1318 1078 1371 attuleruut?

21 1403 93 1462 Quid
128 1402 223 1457 dicam
252 1404 354 1458 vobis?
376 1406 471 1461 Laudo
524 1409 589 1472 Quid
598 1409 683 1459 dicam
693 1410 764 1459 robis
776 1410 830 1459 hacc
843 1410 1093 1462 iacientibusilaa·

21 1495 68 1534 sos
79 1482 93 1535 ’,ι
103 1482 137 1536 in
151 1482 206 1537 hoc
216 1496 275 1537 non
283 1484 376 1539 laudo,
494 1478 558 1529 dabo
568 1478 702 1528 vcslsunc
715 1489 763 1527 nec
773 1477 863 1540 hudo,
872 1492 925 1536 ,nec
936 1480 1053 1530 laudabo.

524 1548 634 1599 Laudari
657 1549 733 1611 sopri
749 1562 776 1597 n.
790 1552 822 1610 2,
845 1552 905 1612 quia
926 1550 1094 1601 traditionum

494 1620 683 1669 observatores:
699 1618 742 1669 bic
753 1623 840 1669 autem
859 1632 912 1669 non
927 1619 1018 1681 larido,
1032 1620 1093 1680 quia

493 1688 661 1738 traditionum
682 1691 720 1737 sic
735 1688 805 1737 obliti
828 1691 904 1749 estis,
916 1693 945 1738 ut
963 1690 1093 1752 etseripto

496 1768 570 1818 eogar
580 1756 652 1806 robis
661 1756 776 1817 tradere,
789 1757 857 1818 quod
871 1758 947 1807 verbe
961 1757 1046 1807 docui.

23 1928 106 1979 edulia
117 1939 179 1993 qua
195 1926 281 1980 attulit
292 1928 321 1981 ιιι
331 1924 484 1989 Ecclesiam,
495 1928 589 1987 sumit;
603 1940 656 1977 non
667 1928 828 1989 exspectatis,
843 1938 891 1975 nec
903 1927 1016 1976 inritatis
1029 1939 1093 1991 pan-

24 2000 142 2077 peribus3
156 2010 216 2060 seu,
230 1998 313 2059 solus,
327 1996 434 2047 exclusis
447 1996 613 2061 pauperibus,
632 1995 742 2046 eomedit
762 2006 817 2057 qaae
834 1995 862 2045 in
877 2008 1014 2046 commune
1031 2008 1093 2047 con·

24 2065 231 2199 ierfigdrieerffinasic
248 2136 317 2187 elius
328 2136 440 2195 moriat,
454 2122 516 2199 dum
539 2135 607 2187 otius
623 2134 708 2186 ebrias
722 2140 758 2186 ost
765 2161 775 2195 ,·
794 2136 973 2199 ingurgitatus,
990 2133 1018 2187 id
1034 2138 1091 2200 est,

25 2206 79 2269 plus
90 2208 172 2272 quarn
184 2208 246 2258 satis
256 2205 423 2258 manducarit
433 2208 458 2256 et
470 2206 541 2258 bibit.

52 2278 106 2330 buo
120 2281 193 2330 taxat
210 2279 238 2327 in
249 2277 371 2328 divitibus
385 2277 462 2339 vitia,
475 2275 613 2338 ingluviem
627 2279 653 2326 et
663 2287 804 2340 pauperum
814 2274 967 2339 neglectum.

54 2368 93 2416 ιι.
111 2365 245 2429 Numquid
259 2367 347 2416 domos
365 2379 416 2415 noo
428 2365 575 2416 imbeiis...i
586 2365 644 2416 ilaec
660 2364 769 2414 divitum
780 2367 888 2422 erimina
899 2368 1043 2431 exaggerat,
1061 2370 1092 2418 ex

26 2441 94 2495 parte
109 2436 180 2498 loci,
192 2437 265 2498 cujus
280 2431 400 2485 sanctitas
419 2433 545 2496 violatur,
556 2448 586 2485 ex
603 2440 674 2498 parte
689 2433 819 2496 fidelium,
832 2447 941 2496 quorum
958 2438 1091 2498 praesentia

26 2509 217 2568 contemnitur,
229 2517 259 2556 er
269 2507 339 2568 parte
350 2515 506 2568 pauperum,
516 2517 624 2565 quorum
635 2504 768 2566 pauperies
781 2504 868 2554 durior
880 2503 1002 2554 redditur.

56 2576 132 2635 Quasi
147 2543 263 2628 diceret.
277 2575 303 2625 Si
317 2577 399 2624 vestra
417 2573 495 2628 sultis
508 2573 554 2625 soli
567 2573 714 2632 comedere,
729 2577 754 2622 et
768 2586 813 2624 vos
826 2575 992 2636 ingurgitare,
1006 2574 1091 2626 curid

28 2642 93 2693 domi
110 2659 164 2696 non
181 2643 275 2704 tacitis,
288 2643 332 2693 ubl
346 2645 401 2692 stne
411 2643 589 2703 irreverentia
607 2643 662 2692 sine
675 2610 810 2704 scandalo,
823 2646 878 2718 sine
893 2655 1034 2706 pauperum
1045 2657 1091 2696 ru

27 2713 99 2776 bore,
112 2717 141 2766 id
155 2716 278 2777 ageretis,
289 2715 376 2778 sicque
390 2713 485 2764 minori
500 2725 560 2763 cum
570 2715 696 2776 peccator

56 2801 106 2848 Αιι
121 2799 259 2852 Ειιιιιιιιιι
267 2797 314 2848 Dei
324 2795 476 2846 ιιιιιιιιιιιιιιι
483 2800 496 2846 2
503 2795 543 2846 An
555 2795 642 2846 locum
653 2797 761 2851 omnem
772 2799 798 2847 et
808 2797 926 2848 charitati
936 2799 991 2848 dest
980 2800 1089 2849 tinatnm

28 2871 161 2930 spernitis,
178 2869 206 2920 in
225 2880 254 2917 eo
275 2865 498 2918 comessationibus
522 2867 548 2914 ct
563 2863 725 2928 ebrietatibus
744 2870 880 2930 vacantes,
897 2870 983 2930 sieque
1005 2865 1090 2935 lecum

30 2941 146 2990 sanetum
158 2937 315 3004 polluentes?

59 3007 102 3058 Vel
120 3025 155 3062 an
173 3012 320 3062 sanctorum
335 3003 449 3058 iidelium
470 3010 689 3071 congregationem
704 3008 876 3072 vilipenditis,
890 3009 945 3060 baec
956 3011 986 3059 in
1001 3022 1090 3060 eorum

31 3086 193 3142 conspectum
204 3080 346 3132 iacientes?
1025 3143 1027 3147 .

59 3148 170 3201 Ecclesia
182 3155 319 3212 utrumque
334 3147 472 3212 signiilcat,
485 3153 510 3200 at
528 3151 746 3212 congregationem
764 3147 895 3209 fidelium,
906 3150 932 3198 et
946 3147 1032 3197 locum
1046 3149 1089 3199 ubi

34 3223 219 3284 congregantur.

59 3303 90 3350 Ει
101 3303 252 3368 consuscitat
263 3315 303 3352 sos
304 3335 352 3352 .....
360 3299 392 3352 lit
403 3300 498 3365 pudore
506 3297 652 3351 suffundere
659 3297 737 3349 rultrs
744 3312 876 3362 pauperes
883 3300 946 3365 qui,
953 3303 1015 3362 quia
1024 3301 1090 3355 nibil

35 3365 135 3435 babent,
146 3373 212 3424 nibil
226 3360 377 3422 attulerunt·
371 3372 503 3432 hincque
513 3357 637 3432 coguntur
649 3370 788 3419 esurientes
800 3374 825 3419 et
837 3367 954 3431 contusi,
961 3383 1007 3420 ros
1020 3370 1089 3422 iana

34 3442 55 3484 et
71 3442 177 3505 opipare
186 3442 325 3504 epulantes
332 3443 453 3522 aspicere

60 3507 156 3562 Durum
169 3516 206 3562 ast
215 3513 320 3574 pauperi
332 3513 440 3570 esurire;
434 3508 538 3559 durius
548 3512 585 3558 est
600 3509 704 3571 pauperi
720 3509 854 3572 esurienti,
862 3510 894 3559 ob
907 3493 1053 3573 pauperiem
1064 3515 1090 3562 et

36 3581 139 3632 esuriem
153 3595 226 3648 suam
243 3581 394 3648 contemni:
407 3583 434 3628 at
455 3580 621 3638 durissimum
639 3583 678 3634 est
694 3579 733 3628 sie
751 3568 872 3630 esurienti
887 3586 913 3630 et
930 3586 1089 3644 contempto,

36 3646 93 3698 rlios
106 3654 133 3702 in
150 3651 230 3702 oeulis
241 3653 294 3702 suis
306 3649 436 3714 epulantes
447 3641 551 3700 intueri.

61 3717 233 3775 Recordamini
246 3721 308 3772 mali
327 3722 416 3772 Divitis
430 3723 456 3769 et
466 3719 551 3768 Lazari
562 3719 714 3777 historiam,
725 3721 750 3768 et
760 3719 821 3781 quid
834 3722 857 3770 ei
875 3722 959 3772 similo
973 3723 1089 3777 ridebitis

36 3785 70 3833 ιιι
61 3791 96 3836 ιιι
112 3803 165 3840 vos.
180 3784 270 3841 Cavete
286 3803 344 3857 ergo
358 3803 390 3842 no
401 3790 461 3842 linis
470 3793 552 3840 tester
567 3788 645 3850 hujus
655 3786 745 3838 Divitis
758 3789 804 3840 ilni
815 3792 848 3842 sit
857 3792 957 3843 similis.
999 3846 1003 3851 ,

66 3871 130 3928 Quid
140 3875 223 3925 diram
233 3875 449 3935 ιοιιιιὸιιιιιιι,
460 3875 495 3922 ita
507 3870 666 3930 iacientibus,
674 3869 760 3923 boum
770 3877 888 3924 sanctum
900 3875 1087 3940 polluentibus,

36 3934 143 3994 bdelium
158 3945 378 4006 congegatioaem
391 3911 586 4007 spernentium
600 3952 725 4005 pauperes
734 3943 969 4009 padebcientibm,
985 3958 1088 3999 aarum·

36 4018 81 4066 ‘lile
91 4016 235 4077 pauperiem
249 4011 614 4070 inmemhtiemreuteniibus.
659 4060 662 4064 ,
738 4035 742 4040 ·

66 4092 147 4148 leode
163 4103 225 4148 eos?
238 4097 280 4148 Gr.
293 4097 408 4150 laudabo
419 4109 464 4152 ros
474 4109 502 4148 ιι
518 4095 587 4151 boe?
602 4093 631 4149 la
645 4079 757 4148 tec-seo
768 4096 858 4153 asto·
947 4125 953 4134 ·
981 4129 995 4136 ·-
1037 4126 1040 4133 .
