2559 4450
195 229 233 292 eo
419 205 427 220 ‘
488 225 698 289 sorsrocn
716 225 766 288 io
781 221 971 288 neutros

128 345 132 351 '
193 328 345 396 imnum
362 327 509 392 limam,
533 329 583 392 iiiii
604 331 702 381 externi
724 331 796 380 actus
818 329 983 396 piscentiem
1011 321 1185 392 nesciebam,
1206 323 1262 379 nisi

138 436 142 445 .
194 400 320 450 rationem
337 397 448 449 induunt
470 400 585 462 peccati,
598 413 652 450 non
669 400 796 450 novissem
819 409 863 462 10¹
872 405 1260 474 diwepgpmwmpgsces,

195 479 249 516 msc
262 469 412 528 peccatum,
430 468 482 518 nisi
495 467 536 518 lex
553 480 609 519 eam
628 465 798 532 prohibuisset

195 535 302 585 dicenee
317 536 374 586 Non
388 538 553 600 concupisces.

226 603 343 666 icxergo
357 610 491 667 pecorum
499 606 565 656 mihi
573 605 730 656 indiceritet
737 617 797 668 pro·
855 603 882 655 8.
895 599 1046 655 Occasione
1059 603 1154 652 autem
1165 613 1265 664 accep·

195 672 296 734 hibuit,
311 677 339 723 et
356 673 460 735 quidem
473 678 503 724 at
517 675 581 725 iliud
597 679 742 726 coerceret:
755 673 796 724 sed
821 679 865 744 tt,
879 683 1025 745 peccatum
1035 691 1086 744 per
1100 675 1263 728 mandatum

196 743 408 806 concupiscentie
425 747 534 805 vitium,
549 747 577 794 in
597 758 640 794 me
657 744 754 804 latens,
773 747 799 792 et
821 760 967 824 operatum
984 759 1027 807 est
1042 755 1071 806 in
1088 766 1134 806 me
1151 767 1263 807 omnem

195 814 269 872 quasi
285 814 411 874 sopitum,
431 812 510 874 hujus
527 814 706 876 prohibitionis
725 825 799 862 coca-
822 832 1075 901 concupiscentem
1121 830 1182 884 ,pne
1203 832 1264 895 lege

196 880 267 930 sione
291 881 430 929 excitatum
451 885 477 930 ct
496 883 642 942 irritatum,
661 881 746 932 acrids
766 881 798 932 od
822 913 897 966 en'm
952 871 1100 966 ποθῶ
1119 915 1264 964 mortuum

196 949 356 1010 peccandum
365 962 408 999 me
421 949 580 1011 sollicitavit,
592 954 618 999 et
631 952 659 999 in
674 961 717 1000 me
729 953 799 999 exci-
858 929 868 964 ¹
932 926 952 978 p

196 1019 261 1067 tavit
279 1030 355 1067 omne
367 1017 494 1068 maiorum
511 1018 694 1068 desideriorum
709 1031 797 1081 mous.
822 996 893 1044 erat·

197 1083 289 1147 Sioprre
308 1098 353 1148 per
375 1085 436 1148 legis
457 1087 631 1145 occasionem,
648 1088 817 1148 peccatum„
918 1131 922 1136 .

196 1153 332 1214 quoderat
348 1157 421 1216 quasi
434 1158 581 1215 mortuum,
596 1155 678 1204 uitam
688 1167 719 1204 ac
730 1157 800 1216 vigo-

197 1224 370 1285 remoccepic

227 1289 280 1340 Hoc
296 1295 325 1342 ut
335 1291 481 1344 distinctids
492 1295 658 1357 concipiatis,
672 1291 799 1356 duplicem
858 1289 885 1340 9.
895 1288 952 1354 Ego
964 1291 1058 1340 autem
1065 1283 1194 1341 vivebam
1205 1283 1263 1337 sind

197 1362 279 1422 geoth
295 1366 388 1412 nosue
401 1362 549 1425 distinguite
562 1366 671 1424 statum
687 1367 747 1412 ante
764 1361 801 1412 is-
822 1362 884 1431 lege
894 1363 1060 1433 eliquand03

198 1441 269 1491 gem
286 1433 312 1479 ot
329 1433 386 1492 post
399 1431 480 1493 legem
495 1452 502 1482 s
517 1435 655 1494 utrumqne
668 1436 754 1482 cutem
772 1435 800 1484 in

197 1511 255 1549 moa
275 1511 382 1560 persona
405 1512 511 1562 expono.
534 1501 725 1562 morobaeus,
756 1500 801 1550 ali·

198 1567 316 1628 quando,
335 1579 362 1616 r.
384 1579 409 1628 g.
425 1570 454 1616 in
468 1568 590 1631 AEgypto,
603 1573 656 1620 rixi
672 1571 729 1634 sine
747 1569 800 1631 lege

197 1634 320 1696 biosaicc,
338 1639 401 1686 tune
412 1640 547 1699 peccatum
555 1650 608 1688 non
619 1637 800 1699 agnoscebam,

198 1718 257 1822 aeg:
264 1704 402 1766 curabm,
413 1705 445 1755 od
456 1705 520 1756 iliud
538 1718 591 1757 non
606 1706 718 1758 multum
732 1710 801 1758 erci-

257 1786 280 1822 r.

198 1947 297 2011 peccati
307 1945 433 2011 induunt,
446 1958 500 2001 non
510 1951 637 2002 novissem
649 1963 702 2002 esse
713 1953 862 2016 peccatum,
874 1951 926 2001 nisi
939 1947 979 2000 lox
990 1961 1047 2000 eom
1060 1949 1242 2012 prohibuisset.

229 2014 286 2068 Non
309 2019 426 2082 cognovi,
439 2023 464 2070 et
479 2020 635 2080 nesciebam,
654 2021 697 2072 bie
715 2033 768 2071 non
787 2022 972 2083 ignorationem
985 2018 1163 2069 omnimodam
1175 2020 1264 2081 signiti-

199 2095 272 2151 cant;
283 2090 328 2140 sed
338 2091 387 2141 hoc
399 2090 477 2153 dicit,
495 2091 619 2141 naturalis
632 2104 660 2142 so
670 2091 830 2143 discretionis
843 2092 995 2142 erectiorem
1006 2091 1181 2152 cognitionem
1196 2104 1265 2140 acce-

198 2161 265 2227 pisse
275 2174 320 2224 per
330 2160 473 2225 legem,ait
482 2163 662 2213 theoderetus.
914 2167 917 2172 '

229 2230 278 2281 Lex
291 2235 377 2294 suque
388 2236 426 2283 est
436 2236 546 2295 cognitio
558 2234 671 2298 peccati,
682 2244 735 2283 non
752 2244 828 2285 causa
839 2233 953 2297 peecati3
968 2228 1086 2294 producit
1098 2233 1201 2294 peccati
1213 2243 1264 2290 cog·

199 2302 323 2352 ditionem
332 2322 339 2353 e
348 2307 385 2353 cst
395 2307 481 2354 autem
494 2316 539 2367 per
555 2303 673 2354 accidens
686 2307 711 2353 et
723 2306 894 2355 extrinsecum
907 2302 974 2365 legi,
988 2300 1056 2363 qudd
1069 2312 1100 2351 cx
1111 2301 1166 2351 hoe
1182 2305 1266 2363 cogni-

199 2369 269 2421 tione
276 2376 373 2436 pecoati
386 2375 500 2424 irritetur
513 2376 737 2438 concupiscentia,
749 2378 775 2425 et
785 2377 920 2439 peccatum
933 2374 1059 2435 operetur.

219 2459 255 2505 a.
268 2455 401 2507 decorione
413 2463 498 2508 cuum
506 2459 647 2521 aecem...
657 2458 701 2509 Gr.
713 2459 872 2509 occasionem
881 2458 968 2505 autem
982 2456 1112 2517 accipiens
1121 2460 1265 2517 meatum.

200 2524 256 2588 syr.
267 2526 373 2589 proinde
383 2526 433 2577 boo
451 2532 575 2590 praecepto
589 2526 705 2589 (scilieet
722 2540 775 2576 non
787 2526 949 2590 concupisces
961 2522 970 2588 )
984 2526 1081 2575 invenit
1091 2524 1141 2573 eibi
1158 2529 1266 2575 occmm

200 2607 261 2645 nem
270 2596 656 2659 peccatum,ctconsummev1t
669 2596 698 2644 in
710 2607 753 2644 me
768 2607 870 2645 omnem
884 2596 1126 2657 concupiscentium.

230 2666 293 2725 Len,
305 2670 335 2714 ut
346 2669 405 2715 nt.
421 2664 520 2714 dictum
533 2668 584 2725 cst,
596 2664 641 2713 dat
654 2666 825 2727 cognitionem
836 2668 934 2729 peccati
942 2702 950 2725 ‚
958 2669 983 2714 et
995 2664 1059 2715 iliud
1074 2664 1204 2727 prohibet.
1215 2668 1265 2714 Pec-

201 2741 286 2785 catum
296 2740 394 2790 ccum,
403 2732 429 2781 id
442 2736 494 2793 cst,
507 2728 718 2795 concupiscentie
731 2736 839 2797 vitium,
851 2736 879 2784 in
890 2747 932 2783 me
941 2734 1035 2795 latens,
1047 2736 1073 2783 et
1084 2732 1156 2794 qood
1167 2740 1224 2783 erat
1234 2747 1266 2782 so-

200 2806 298 2867 pitum,
306 2806 331 2851 et
340 2802 410 2864 quasi
422 2801 653 2863 mortuum,hujus
664 2802 842 2867 prohibitionis
855 2809 986 2854 coercione
996 2805 1134 2853 excitatam
1146 2807 1173 2852 et
1184 2806 1264 2853 irrita·

202 2877 257 2938 iem
268 2870 364 2933 ,muita
375 2870 550 2923 vehementids
559 2875 666 2935 gressmi
678 2875 754 2938 cepit
763 2876 789 2923 et
801 2875 920 2925 excitarit
931 2875 959 2923 in
970 2885 1012 2925 mc
1025 2884 1102 2923 omne
1116 2884 1202 2935 genus
1219 2886 1265 2923 me-

204 2938 286 2993 iorum
296 2940 486 3010 desideriorum.
971 2956 977 2965 ·

231 3010 295 3072 ier,
304 3023 349 3060 seu
360 3009 496 3073 prohibitio
505 3014 738 3076 concupiscentiam
752 3014 850 3076 irritat,
866 3015 933 3065 sicui
942 3024 1007 3077 eque
1018 3010 1115 3065 calcem
1123 3014 1225 3065 ritem.

233 3083 292 3133 Sine
304 3082 355 3146 iege
363 3082 429 3132 euim
438 3079 447 3146 (
456 3085 689 3147 concupiscentiam
699 3082 815 3147 rotante)
825 3090 955 3146 peecatum
966 3088 1096 3133 mortuum
1107 3091 1177 3145 erut,
1185 3086 1214 3134 id
1225 3087 1264 3139 esi,

205 3154 321 3216 sopitum.
329 3152 539 3215 Concupiscentia
552 3155 667 3215 interior,
672 3154 732 3215 quic
746 3152 817 3203 nulid
826 3152 879 3215 iege
891 3152 1004 3203 humant
1015 3152 1210 3215 prohibebatur,
1219 3156 1265 3202 erat

205 3225 274 3287 guasi
289 3226 403 3285 mortua,
412 3224 507 3285 sopita,
523 3226 549 3273 et
559 3235 611 3273 non
622 3222 789 3289 reputabatur
797 3226 931 3287 peecatum
943 3242 949 3274 ε
960 3226 987 3272 at
1000 3222 1054 3285 iege
1064 3222 1110 3273 iiei
1125 3224 1264 3286 prohibitu,

205 3295 295 3346 mersit
305 3294 333 3342 ira
344 3304 432 3342 omnes
443 3304 534 3354 pravos
544 3294 630 3342 motus
640 3295 666 3341 et
675 3290 790 3352 adiectus.

233 3382 258 3429 9.
269 3378 323 3439 apo
334 3382 419 3427 ouum
432 3374 548 3425 ciocbom
558 3374 612 3423 cine
622 3372 703 3437 iege...
715 3372 828 3435 loquitur
836 3374 864 3424 in
875 3384 981 3437 persone
992 3372 1087 3436 iudei,
1099 3377 1162 3427 ante
1172 3374 1263 3438 legem,

206 3458 228 3499 r.
239 3461 264 3510 g.
279 3450 306 3500 in
319 3446 434 3509 AEgypto.
446 3444 496 3495 Alii
508 3447 595 3493 tamen
605 3444 632 3493 id
642 3443 786 3507 intelligunt
796 3442 827 3493 de
837 3444 866 3494 b.
876 3442 963 3509 Penio,
973 3442 1032 3493 cdrn
1040 3445 1167 3507 inciperet
1176 3447 1263 3495 adoles

206 3515 505 3579 cercetpecoaro,iegem
511 3514 646 3564 bessicam
654 3514 770 3565 nondum
780 3513 892 3564 edoctus.
902 3512 1045 3563 itnCorneI.
1053 3512 1173 3565 Menoch.
1183 3517 1263 3578 'iprin

233 3590 416 3653 apostocam
426 3590 537 3650 scilicet,
547 3588 737 3652 etquenam.
747 3588 943 3653 gliti'o'dgyptm
956 3593 1014 3638 ente
1023 3586 1104 3651 legem
1117 3587 1262 3645 iicsaican;

202 3659 318 3711 ciccbcm
328 3660 399 3719 quasi
409 3658 493 3732 estex,
505 3662 638 3721 peccatum
648 3669 701 3708 non
712 3652 927 3721 agnoso'ens‘gtion
936 3670 1028 3709 curuos
1037 3696 1044 3720 ,
1054 3670 1108 3709 non
1122 3662 1262 3715 sestimaos;

203 3732 290 3791 sicque
302 3726 336 3777 od
349 3726 411 3777 iilud
421 3738 471 3775 non
480 3726 591 3777 muitum
601 3729 731 3778 incitatus.
744 3728 793 3779 sed
806 3726 864 3779 edm
878 3716 982 3778 cenem
994 3728 1160 3789 mondotum,
1174 3730 1201 3779 id
1216 3735 1261 3787 est,

203 3796 244 3860 ier
254 3797 340 3847 dicens
350 3795 415 3846 mihi
427 3814 434 3845 a
448 3797 502 3845 iton
512 3797 689 3860 concupiscere
697 3798 794 3861 peccati
805 3796 868 3847 dans
883 3796 947 3848 mihi
959 3798 1146 3861 cognitionem,
1156 3797 1262 3860 illudque

200 3864 339 3929 prohibens
349 3902 356 3926 ,
362 3869 492 3927 pecatum
501 3865 592 3914 reeicit
599 3902 607 3923 ‚
615 3864 642 3914 id
650 3869 700 3926 est,
712 3868 848 3917 excitatum
859 3871 905 3917 est.
917 3866 1130 3933 concupiscentie
1137 3880 1207 3933 mea,
1215 3877 1260 3937 quit

205 3936 261 3988 erm
273 3934 346 4001 qocsi
359 3934 439 4006 sopite
449 3934 475 3985 et
482 3935 598 3997 mortua,
608 3944 654 4007 per
661 3932 741 3997 legem
752 3936 859 3989 excitate
872 3937 971 3989 reririt.
