2559 4450
303 324 470 381 unlrtsx
486 325 711 383 Expostulo.
731 326 816 383 GAP.
834 327 905 382 111.
1079 324 1135 382 588

55 513 305 543 mm·
306 514 510 544 ΜΜΜΜΜΜ
511 515 1134 547 mmfflflflm

178 692 437 781 ANALYSIS
464 698 676 782 CAPITIS
703 697 1022 783 DUODECIMI.

52 1002 185 1102 psa
149 1045 202 1101 tria
211 1048 357 1116 sequentia
365 1047 455 1116 capita
464 1048 622 1105 corinthios
630 1048 743 1104 instruit
755 1048 791 1104 de
802 1048 921 1119 Spiritus
929 1050 1023 1105 Sancti
1031 1050 1130 1108 dcniss

51 1133 88 1186 in
102 1130 162 1185 hec
171 1136 265 1187 eutem
275 1130 443 1187 duodecime
455 1134 546 1201 capite
560 1132 596 1191 de
608 1133 838 1201 charismatibus,
850 1148 900 1189 seu
912 1134 996 1188 denis
1006 1136 1134 1237 gratuitis

54 1216 138 1286 agit,
152 1215 182 1269 id
196 1220 238 1270 est
248 1216 363 1285 gratus
374 1210 459 1285 gratis
469 1217 551 1272 datrs

96 1302 173 1356 Ante
184 1300 278 1355 emnia
288 1298 403 1355 brevem
414 1305 441 1357 et
450 1298 559 1356 facilem
571 1300 656 1356 dat
630 1316 672 1356 ers
684 1301 824 1372 regulam,
837 1301 894 1371 qua
903 1302 1068 1372 dignoscent
1079 1299 1128 1372 ea',

55 1400 116 1443 seu
132 1386 189 1456 qut
202 1384 321 1455 spiritds
341 1385 435 1441 Sancti
453 1386 527 1441 dona
548 1386 709 1442 discernant
726 1386 763 1442 eb
779 1387 923 1443 effectibus
940 1387 1054 1460 maligni
1071 1388 1127 1456 Sui·

55 1470 146 1527 ritds.

96 1558 158 1611 Hae
169 1553 263 1623 reguli
273 1552 338 1611 data
349 1554 377 1626 ᾇ.
390 1558 417 1611 5.
431 1554 525 1609 statim
539 1554 566 1627 i.
583 1558 611 1611 l.
625 1553 794 1625 aggreditur,
811 1553 969 1625 spirituales
979 1554 1133 1625 carinthia

56 1654 129 1696 rum
140 1639 321 1708 egritudines
329 1638 404 1694 circe
416 1638 582 1693 charismata
592 1678 600 1705 ‚
612 1644 640 1693 et
654 1654 753 1695 eorum
765 1654 867 1707 usum,
880 1654 990 1697 sanare.

97 1722 172 1788 Quia
183 1736 250 1791 erge
261 1722 337 1791 apud
351 1722 528 1786 corinthios,
546 1722 576 1775 in
588 1722 645 1776 dde
655 1722 800 1788 infirmes,
819 1724 987 1779 charismata
997 1730 1077 1779 erant
1087 1738 1135 1781 ec·

56 1807 141 1863 casio
155 1806 310 1876 superbiae,
326 1806 455 1871 invidiae,
470 1804 592 1873 dissidii;
611 1805 678 1861 hine
688 1806 718 1860 in
730 1807 775 1860 his
788 1808 995 1863 cerinthiorum
1008 1810 1080 1863 vitiis
1090 1820 1132 1863 sa·
1177 1848 1181 1851 -

57 1892 179 1957 nandis,
194 1898 221 1945 et
233 1890 382 1946 contrariis
391 1889 539 1945 virtutibus
556 1889 733 1945 insinuandis
745 1897 821 1946 tetus
833 1896 876 1945 est
887 1893 1037 1961 Apostolus
1049 1896 1078 1946 iu
1091 1908 1133 1956 re·

56 1979 143 2046 lique
159 1975 259 2043 capite.
324 2022 328 2031 .

97 2062 172 2115 ilinc
187 2059 215 2129 i.
230 2062 263 2125 s,
279 2060 311 2124 5,
325 2060 352 2115 6.
367 2057 508 2113 multoties
523 2058 624 2127 repetit
636 2058 715 2127 qudd
725 2058 787 2113 hac
800 2058 894 2127 dona,
910 2057 977 2115 licet
987 2060 1078 2126 seria,
1093 2061 1131 2118 ab

58 2160 123 2201 uno
134 2151 228 2198 tamen
238 2142 316 2197 tonte
327 2147 458 2209 manant,
471 2142 553 2210 quasi
572 2142 670 2197 dicens
682 2160 690 2197 ι
702 2144 757 2198 Gur
769 2143 911 2199 dissidetis
923 2144 961 2197 eb
975 2156 1009 2198 es
1021 2157 1085 2211 qim
1094 2144 1131 2197 ab

58 2231 173 2290 unitale
189 2229 355 2298 profluunt?

98 2315 211 2384 iliaci.
225 2315 252 2369 i
262 2313 360 2368 asserit
376 2311 453 2381 qudd
464 2311 501 2367 ad
508 2325 688 2367 communem
696 2311 845 2367 utilitatem
853 2312 974 2382 dantur·
988 2315 1069 2385 quasi
1085 2317 1132 2370 di-

59 2413 154 2455 cens:
164 2400 218 2454 Gur
227 2411 293 2467 erge
304 2411 337 2452 ea
349 2397 484 2452 habentes
495 2396 686 2452 efferuntur?
679 2395 748 2464 apsis
759 2395 849 2464 enim,
861 2411 919 2452 nen
931 2400 1132 2468 prepteripsos

60 2483 187 2538 dantur·
200 2481 482 2549 emnenhabentes,
494 2481 630 2548 invident,
645 2478 710 2535 edm
725 2479 984 2550 prepteripsesmet
996 2481 1132 2540 aliisdata

61 2567 146 2621 sint?

99 2648 212 2720 iliaci.
223 2653 256 2715 8,
269 2651 299 2716 8
312 2651 358 2704 10.
372 2648 541 2704 enumeratis
558 2647 690 2704 omnibus
700 2647 930 2714 charismatibus
943 2649 995 2702 et
986 2663 1017 2702 ιιι
1028 2663 1132 2705 novem

62 2747 169 2804 genera
180 2733 350 2796 distributis,
365 2733 458 2788 statim
466 2733 494 2802 i.
506 2733 551 2785 li.
562 2731 639 2786 addit
648 2732 726 2801 qued
735 2736 763 2786 et
772 2731 844 2786 inira
854 2732 1053 2802 saepdrepetil,
1064 2733 1132 2803 quie

62 2817 256 2874 necessarium
267 2814 374 2871 adhaec
389 2814 595 2870 Corinthiorum
607 2816 732 2870 sananda
743 2815 821 2870 vitia.

100 2900 209 2958 annno
219 2906 247 2955 et
257 2900 356 2956 eodem
371 2905 436 2954 sunt
445 2899 543 2967 spiritu
558 2916 566 2954 ι
582 2914 633 2954 cur
650 2913 716 2968 erge
727 2899 765 2954 eb
778 2913 812 2955 ea
821 2899 980 2974 dissidetis?
988 2901 1049 2957 haec
1056 2904 1132 2957 Deus

62 2986 113 3041 dat
125 2999 177 3054 pro
189 2999 241 3040 sue
249 2984 441 3052 beneplacit03
452 2996 502 3037 eur
510 2997 577 3052 ergo
586 2988 634 3038 aut
649 2983 809 3052 efferimini,
819 2992 869 3040 aut
878 2985 1027 3041 invidetis?
1035 2999 1132 3042 nenne

62 3083 183 3124 suerum
192 3082 341 3124 muncrum
352 3067 487 3122 Dominus
496 3074 538 3122 est
546 3067 639 3122 Deus?

99 3153 171 3208 iiiuc
182 3153 210 3223 i.
225 3156 271 3207 ts.
282 3151 392 3222 egregia
402 3151 533 3207 Ecclesiae
544 3150 717 3218 comparatio
726 3165 790 3203 eum
800 3149 925 3202 humane
935 3163 1067 3216 cerpere3
1080 3157 1130 3218 ut,

64 3235 144 3294 omni
155 3237 301 3304 superbit,
319 3233 434 3301 invidia,
448 3235 565 3288 dissidio
581 3233 746 3298 destructis,
761 3231 871 3284 cunctis
888 3231 1019 3285 Ecclesia
1037 3234 1133 3288 ferin-

64 3324 132 3377 thiee
150 3321 293 3386 fidelihus,
314 3321 388 3374 velut
410 3317 535 3386 eiusdem
552 3315 680 3384 corperis
699 3314 851 3381 membris,
873 3328 988 3382 pacem,
1008 3331 1132 3370 cencer-

65 3409 156 3471 diam,
176 3412 305 3460 mutuum
316 3417 456 3469 amorem,
478 3407 505 3456 et
519 3399 643 3455 studium
656 3397 710 3454 sibi
720 3396 840 3454 invicem
850 3397 991 3455 serviendi
1001 3397 1129 3468 inspiret.

101 3491 207 3546 uetera
218 3487 366 3557 specialius
378 3486 408 3540 in
419 3483 624 3544 commentario
638 3482 712 3540 side.
