2559 4450
146 287 216 360 rm„
440 284 916 370 srrsronemeonnuos

145 485 1198 522 muunnnummmuummmmmm

254 675 514 758 ANALYSIS
542 676 752 760 CAPITIS
780 675 1099 758 DUODECIMI.

147 1009 323 1107 Adoctrina
336 1051 400 1106 fidei
413 1050 520 1106 ‚transit
534 1053 683 1118 Apostolus
698 1052 734 1106 ad
746 1056 884 1121 praecepte
895 1065 1017 1106 morum.
1030 1053 1063 1104 ln
1074 1049 1130 1114 hoc
1144 1064 1205 1118 ergo

145 1138 236 1203 eapite
247 1137 397 1202 docemur,

626 1227 718 1270 rutilo.

182 1336 329 1399 Quomodo
338 1337 498 1403 ergebeum
507 1335 671 1392 nosbebere
679 1337 826 1402 debemus,
836 1335 894 1391 sire
903 1335 997 1405 quood
1006 1349 1126 1404 eorpus,
1138 1335 1209 1404 quod

150 1421 205 1486 ipsi
216 1429 247 1472 ut
261 1420 381 1472 hostiam
397 1420 486 1472 viram
496 1420 642 1473 immolare
656 1421 805 1487 debemus,
819 1421 846 1490 i.
857 1425 872 1473 1
879 1437 887 1486 ;
898 1421 958 1474 sive
970 1421 1065 1488 quoad
1077 1421 1206 1483 enimam,

148 1517 234 1570 quam
245 1502 449 1554 tsaeenlaribus
457 1503 637 1567 abstractam,
648 1502 765 1556 interius
772 1517 908 1557 renovare
918 1504 1066 1570 debemus3
1080 1508 1112 1556 ut
1122 1511 1210 1556 mento

148 1585 292 1650 renovati,
308 1584 445 1638 uoluntati
464 1586 514 1638 bei
529 1586 559 1638 in
573 1587 704 1640 omuibus
721 1586 856 1640 laciendae
870 1587 1046 1652 studeamus,
1066 1587 1094 1654 i.
1105 1589 1139 1652 d3
1158 1587 1210 1638 sire

149 1667 244 1734 quoad
260 1667 331 1720 dona
346 1669 458 1735 gratiae,
474 1669 577 1736 quibus
595 1670 712 1737 quilibet
723 1671 772 1723 Dei
786 1670 924 1736 Minister,
939 1685 990 1723 suo
1007 1669 1124 1736 proprio
1140 1669 1210 1721 dono

149 1756 313 1815 contentus,
327 1751 411 1804 debet
422 1753 518 1811 ennete
526 1758 555 1804 et
566 1753 692 1806 modeste
700 1753 756 1820 uti,
768 1752 1047 1822 adlloelesiae,eu1'us
1058 1752 1211 1806 membrum

151 1841 209 1901 est,
226 1835 386 1900 utilitatem,
400 1835 470 1905 id,
483 1839 516 1901 1,
529 1839 560 1903 5,
572 1839 602 1904 6,
620 1841 651 1904 ’1,
665 1839 692 1890 8.

623 1990 747 2030 SECUNDO·
843 1956 846 1965 Ι

184 2095 330 2162 Quomodo
342 2111 407 2165 erga
418 2097 591 2164 proximum,
608 2098 702 2165 quoad
712 2103 791 2150 aetus
803 2097 944 2161 internos,
957 2094 1061 2148 hebere
1071 2107 1123 2146 nos
1135 2093 1211 2146 debe

149 2193 214 2235 mus
223 2219 231 2247 ,
241 2180 347 2241 scilieet
356 2181 434 2235 illum
445 2182 646 2249 diligentem,
657 2183 740 2247 nure,
752 2179 870 2235 honeste
879 2188 906 2234 et
917 2177 1072 2244 humiliter,
1084 2177 1210 2247 1.9,10.

628 2334 734 2373 sentio.

186 2442 325 2495 Doeemur
337 2442 433 2509 quales
446 2440 476 2495 in
489 2440 572 2494 nobis
583 2456 646 2495 esse
658 2442 804 2505 debemus,
818 2440 980 2508 diligentes,
993 2438 1146 2505 terrentes,
1157 2449 1211 2490 orn-

153 2524 222 2579 tioni
233 2525 382 2592 instantes,
396 2526 424 2596 i.
436 2529 487 2591 11,
500 2528 546 2579 te.
560 2540 618 2577 non
631 2526 686 2578 alta
698 2526 852 2593 sepientes,
866 2523 894 2593 i.
905 2526 951 2577 16.
1011 2536 1016 2544 ·

627 2673 741 2719 QUARTO·

187 2784 333 2848 Quomodo
345 2796 411 2850 erga
423 2782 597 2849 proximum,
615 2782 709 2849 quoad
722 2788 836 2838 externa
849 2783 951 2852 oilleie,
962 2796 1015 2837 nos
1023 2796 1120 2851 gerere
1129 2782 1211 2837 debe-

152 2880 230 2931 mus,
241 2866 268 2935 i.
281 2869 325 2919 15.
337 2866 465 2933 usquein
475 2866 575 2929 tinem;
586 2866 635 2918 ubi
645 2866 795 2935 quinquies
804 2868 845 2921 iro
857 2868 886 2921 in
897 2868 1054 2934 proximum
1065 2867 1147 2921 nobis
1154 2880 1212 2933 pro

153 2950 277 3014 bibetur,
292 2949 448 3019 1.11,1“1,
465 2951 515 3015 19,
530 2952 581 3015 20,
601 2952 646 3004 21.
661 2956 689 3003 et
700 2951 783 3004 unica
803 2951 886 3005 nobis
900 2950 1069 3021 permittitur
1080 2948 1210 3015 vindicta,

154 3032 229 3088 bonu
239 3032 346 3087 seilicet
358 3046 411 3101 pro
425 3032 506 3087 molis
516 3030 651 3099 reddere,
666 3034 692 3103 i.
706 3037 755 3101 10,
772 3037 817 3089 et.
993 3022 999 3031 ’
