2559 4450
222 277 228 320 t
263 259 427 315 retrusit
445 260 667 317 Exeusiiiu.
685 259 770 317 cie.
788 262 842 315 XI.
1032 261 1087 312 eie

45 356 72 408 8.
87 355 158 408 Non
171 354 247 410 enim
257 357 299 410 vir
307 371 340 410 ex
352 357 468 412 muliere
520 355 591 417 Quod
602 358 634 406 sit
647 355 725 418 gloria
736 357 785 405 riri
797 355 866 418 patet
879 365 910 403 err
921 351 1029 413 Genesi,
1043 352 1088 403 nlri

16 438 66 497 st,
86 433 148 486 sed
158 433 260 491 mulier
272 447 306 490 01
317 435 389 488 viro,
490 425 581 475 mulier
603 439 634 476 ex
648 428 703 475 viro
721 425 788 474 iacta
808 424 907 474 ridetur
914 443 923 484 ;
935 435 987 472 non
1001 426 1089 473 nutem

138 494 142 502 ’
489 495 528 542 vir
542 493 623 544 lactus
637 507 668 544 ex
682 493 799 543 muliere.
836 548 838 553 ,

42 559 71 609 9.
87 557 208 610 Etenim
227 562 340 612 nonest
358 562 467 612 oreatus
518 560 589 610 Patet
600 565 625 610 et
634 573 664 611 ex
673 561 778 624 eoquod
789 559 883 611 ibidem
892 558 986 610 dicitur
996 556 1089 608 mulier

12 633 52 688 vir
76 640 205 702 proprep-
232 637 390 701 mulierem,
417 636 466 689 sed
489 626 571 690 lacta,
588 633 618 678 ut
630 632 695 678 esset
709 630 765 677 viro
775 628 802 675 in
817 626 973 687 adjutorium
983 663 991 686 ,
1002 627 1089 686 sirone

14 710 117 770 “Uli-⁸¹⁸·
127 714 247 778 implet·
259 712 359 772 virum.
481 700 588 758 propter
599 709 675 763 cumr
688 707 740 744 non
752 692 812 742 vero
823 695 862 742 vlr
881 697 982 756 propter
993 691 1088 742 mulie-

130 811 133 816 ,
488 777 542 812 rem
556 763 637 814 lactus
652 785 659 812 ι
673 763 765 813 mulier
779 774 837 824 ergo
848 799 855 822 ‚
867 763 927 812 crim
941 765 974 813 sit
984 775 1015 812 ex
1031 762 1088 812 vitu

488 837 512 882 et
525 837 625 897 propter
636 836 719 884 virum
730 869 738 894 ,
748 835 785 882 est
794 831 872 894 gloria
883 833 941 882 viri.
951 830 1012 882 Vide
1020 842 1089 882 com-

144 921 148 928 *
488 907 653 954 menterium.

43 976 94 1027 lor
105 969 180 1026 Ideo
201 971 284 1026 debet
303 973 405 1028 muller
415 987 466 1041 po-
518 973 582 1022 llino
594 972 668 1022 debet
678 977 755 1035 snpra
767 972 844 1034 caput
856 981 933 1019 suum
941 968 1089 1021 honerare.

16 1057 149 1104 estatem
166 1051 270 1104 habere
282 1066 366 1120 supra
382 1058 466 1120 caput
487 1039 588 1101 lamen,
600 1039 667 1102 quod
683 1043 784 1102 signum
806 1043 844 1088 est
856 1039 905 1086 viri
918 1041 1046 1101 potestatis
1058 1040 1086 1089 ln

14 1133 137 1195 propter
149 1129 280 1196 Angelos,
488 1110 574 1172 illam,
585 1116 610 1160 et
623 1122 675 1160 suae
683 1113 738 1159 viro
747 1109 910 1169 subjectionis
920 1128 928 1169 ς
937 1107 1047 1156 maxime
1057 1109 1086 1155 in

488 1179 608 1241 ecelesia,
622 1182 724 1243 propter
734 1178 841 1240 Angelos
853 1215 860 1239 ,
871 1178 916 1238 qui
928 1179 1021 1226 nostris
1030 1187 1086 1225 ora-

487 1250 599 1300 tionibus
612 1251 726 1312 praesunt
738 1251 763 1296 et
776 1248 882 1297 coetibus
892 1246 994 1296 adsunt.

45 1325 95 1375 tt.
105 1322 307 1375 Verumtamen
320 1333 414 1388 neque
423 1320 466 1372 rir
518 1319 554 1368 Ne
568 1322 654 1368 tumen
667 1317 700 1366 oi>
710 1327 740 1366 ea
751 1327 807 1378 quoe
820 1316 888 1376 dixi,
904 1319 943 1365 vir
956 1315 1088 1384 efferatur,⁴

42 1473 103 1521 Non
117 1473 203 1532 agitur
216 1469 260 1526 hic
276 1469 310 1520 de
323 1471 433 1533 imagine
444 1467 490 1520 liei
506 1470 605 1520 ratione
617 1471 727 1531 anime,
737 1470 814 1532 quio,
825 1469 856 1521 ut
871 1451 925 1530 slc',
936 1467 1029 1518 mulier
1044 1469 1083 1518 est

13 1543 94 1592 etiam
116 1542 201 1602 imago
220 1539 274 1590 liei.
852 1536 854 1540 ’

45 1615 142 1668 liniter
153 1621 238 1666 onum
248 1613 333 1678 clorio
345 1613 397 1666 oiri
406 1619 449 1666 eri.
461 1613 526 1678 Ergo
536 1613 616 1666 velari
629 1613 712 1666 debet.

46 1703 72 1750 8.
86 1700 144 1750 Non
159 1698 226 1748 enim
238 1697 279 1747 nir
294 1710 324 1746 ec
336 1697 470 1748 muliere...

45 1769 143 1820 Probat
155 1767 290 1818 mulierem
308 1779 361 1816 esse
378 1766 483 1829 gloriam
498 1769 565 1828 riri,
587 1771 612 1816 10
625 1769 687 1830 quia
703 1779 735 1818 ex
753 1767 845 1818 Genus.
855 1769 880 1818 2.
896 1781 924 1818 n.
937 1769 978 1820 21.
990 1761 1083 1818 muller

14 1841 85 1891 laeta
104 1845 143 1888 est
156 1851 187 1888 ex
197 1839 251 1887 viro
261 1857 269 1898 3
281 1839 366 1898 sicque
381 1839 421 1887 vir
439 1841 476 1886 est
491 1837 606 1888 mulieris
623 1839 780 1907 principium
799 1851 831 1888 er
845 1851 906 1900 quo.

47 1928 74 1974 9.
84 1922 184 1972 Etenim
196 1934 247 1969 non
263 1925 297 1970 eoi
307 1926 403 1970 creatos
414 1921 484 1970 cir...
497 1922 524 1968 20
538 1919 599 1980 Quia
612 1920 707 1969 ibidem
725 1920 819 1970 dicitur
829 1919 896 1968 iacta
912 1918 1003 1970 similis
1013 1921 1082 1980 τίνος

17 1993 85 2043 taeta
104 1995 134 2042 in
151 1990 306 2051 adjutorium
318 1992 381 2051 virl3
397 1992 483 2052 sicque
501 1992 603 2052 propter
622 1990 724 2049 virum,
742 1987 853 2048 scillcet,
870 1989 898 2036 in
912 1988 1083 2050 adjutorium,

18 2068 75 2113 tum
90 2059 123 2110 ad
141 2061 284 2110 societatem
296 2097 303 2120 ,
315 2061 371 2109 tum
384 2058 416 2108 ad
429 2058 506 2121 prolis
519 2059 715 2118 generationem.
845 2102 850 2108 .

48 2129 211 2182 Ratiocinare
227 2139 256 2177 ex
267 2127 342 2178 dietis
354 2145 361 2176 ε
374 2127 468 2176 diuider-
477 2141 505 2176 ec
515 2126 571 2176 niro
583 2130 684 2188 sumpta
693 2127 746 2186 est,
758 2127 791 2175 ut
802 2131 906 2189 propter
921 2126 1007 2177 uirum
1017 2125 1083 2179 facia

20 2205 57 2253 est
69 2221 76 2251 ι
90 2211 149 2263 ergo
166 2200 205 2248 vir
218 2197 333 2247 mulieris
348 2199 385 2247 est
402 2197 558 2260 principium
570 2207 676 2257 eiquo,
690 2199 716 2248 et
729 2194 844 2246 mulieris
856 2195 925 2247 tlnls.

49 2272 116 2333 Ergo
135 2281 195 2319 cum
210 2266 320 2328 quadam
337 2268 498 2329 proportione
514 2265 606 2315 mulier
624 2268 662 2315 est
681 2278 697 2315 a
714 2266 787 2325 riro,
810 2267 880 2314 siout
897 2268 937 2315 rir
949 2266 964 2315 d
975 2267 1041 2329 lieo;
1058 2271 1085 2317 et

20 2342 123 2405 propter
135 2340 220 2387 virum
230 2371 238 2398 ,
247 2337 315 2385 sicut
323 2335 387 2398 ipse
395 2337 495 2398 propter
506 2332 595 2383 Deum.
609 2332 674 2395 Ergo
685 2332 779 2384 mulier
787 2334 873 2397 plocio
882 2336 948 2395 uiri,
959 2337 1027 2387 sicut
1042 2337 1084 2386 cir·

40 2412 112 2461 loric¹
121 2406 175 2458 Dei.
389 2440 390 2443 κ
1089 2443 1091 2447 ,
1107 2437 1110 2443 ,

22 2428 36 2475 9
52 2480 141 2529 ilnlier
152 2480 189 2527 est
201 2474 376 2539 quedam'olri
393 2476 504 2525 extensio
522 2477 547 2525 et
559 2476 773 2537 communicatio,
786 2476 891 2538 ejusque
905 2472 984 2538 gloria
1001 2496 1009 2527 ε
1025 2489 1088 2541 ergo

21 2550 145 2610 velanda,
157 2552 212 2599 turn
223 2550 252 2595 ut
266 2546 314 2596 hoc
330 2546 493 2607 subjectionis
509 2548 579 2608 signo
593 2548 679 2607 virum
693 2559 786 2608 suum,
796 2546 952 2611 principium
970 2553 996 2598 ct
1005 2546 1083 2598 tinem

22 2622 130 2671 honoret
137 2638 145 2679 ;
155 2620 211 2666 tum
221 2616 281 2678 quia
293 2614 442 2665 occultanda
454 2614 532 2676 gloria
545 2616 593 2663 viri
604 2652 612 2675 ,
623 2617 764 2677 prasertim
776 2616 820 2671 uhi
832 2614 897 2665 neus
910 2616 1082 2667 honorandus.

24 2692 54 2741 ut
69 2691 125 2739 haec
139 2691 176 2739 est
187 2686 217 2737 Ι).
229 2686 300 2736 Pauli
316 2684 445 2735 conclusio
457 2686 485 2733 in
497 2697 571 2751 versu
583 2685 708 2747 sequenti.

56 2777 93 2823 10.
109 2772 164 2821 ideo
174 2768 242 2821 debet
259 2766 351 2820 molier
361 2766 568 2831 potestatem...id
585 2770 636 2829 est,
646 2763 747 2831 velum,
758 2767 828 2831 qnod
837 2770 938 2831 signum
950 2773 989 2822 est
998 2774 1083 2835 potes-

24 2846 84 2895 tatis
96 2843 144 2891 rlri
157 2844 186 2898 in
202 2854 315 2891 uxorem.

55 2913 100 2963 Per
112 2912 291 2973 metonymiam
303 2909 378 2976 datur
389 2908 462 2969 signo.
475 2918 569 2958 nornen
580 2910 617 2961 rei
631 2908 795 2973 significate:
808 2908 895 2962 velum
906 2912 1030 2975 signifieat
1039 2925 1083 2977 po

25 2986 138 3034 testatem
154 2982 201 3029 riri
213 2982 240 3029 in
251 2991 354 3029 uxorem
363 2978 448 3045 31hine
462 2972 525 3026 illud
536 2983 610 3028 vocat
621 2983 780 3041 potestatem.
880 2981 883 2986 '
1112 2980 1116 2987 ’

55 3055 377 3118 ideo,proptersnper1us
396 3052 476 3112 diota,
493 3055 593 3102 tenetur
612 3054 706 3104 mulier
718 3056 849 3117 velamen,
869 3057 937 3118 qnod
955 3061 993 3106 est
1015 3057 1084 3108 illins

28 3126 185 3188 subjectionis
204 3122 349 3187 symbolum
366 3126 391 3183 et
411 3124 542 3187 potestatis
563 3124 613 3172 riri
635 3123 754 3173 inillam
774 3126 891 3185 signum,
911 3138 987 3187 supra
1007 3130 1083 3189 caput

28 3197 128 3249 habere.
708 3229 710 3234 .
1082 3232 1085 3235 ,

56 3273 160 3333 Propter
172 3267 295 3331 income,
314 3268 376 3331 qul,
394 3266 505 3329 scilicet,
525 3267 619 3322 nostris
632 3265 726 3318 adsunt
747 3266 930 3329 conventibus,
941 3271 972 3317 ut
990 3271 1083 3320 nostris

29 3341 128 3408 praesint
141 3338 305 3388 orationibus.

58 3412 88 3463 lit
98 3412 150 3461 lien
167 3406 321 3469 Angelorum
329 3408 476 3470 presentia,
491 3417 557 3457 nova
574 3406 639 3455 ratio
658 3407 696 3455 est
710 3402 849 3456 mulierum
860 3405 965 3469 pudoris
985 3410 1010 3457 et
1025 3418 1083 3456 mo-

31 3483 124 3543 destie;
132 3491 179 3540 ne,
189 3477 321 3539 videlicet,
331 3476 419 3539 Angeli
430 3479 481 3527 sint
492 3489 581 3527 earum
595 3476 760 3547 impudentin
776 3480 862 3539 testes,
873 3481 1044 3537 accusatores,
1057 3481 1083 3527 et

30 3553 149 3605 uindices.
526 3600 527 3603 ,

61 3624 85 3674 S.
100 3618 229 3672 llnselmus
238 3620 271 3667 'et
283 3615 313 3669 Ι).
328 3614 438 3667 Thomas
454 3629 499 3679 per
517 3614 622 3680 docetor
644 3614 788 3678 intelligunt
803 3615 880 3665 etlam
897 3614 1041 3666 Sacerdotes
1051 3618 1084 3665 et

31 3694 157 3759 Episcopos
163 3711 170 3751 ;
180 3688 232 3739 imo
242 3689 357 3740 Clemens
366 3688 549 3741 Alexandrinus
559 3687 676 3748 intelligit
684 3689 785 3748 quosvis
795 3689 863 3736 viros
874 3690 928 3750 pios
940 3689 965 3734 et
976 3686 1081 3749 probosr

33 3776 77 3824 ne,
92 3762 183 3813 seilicet
194 3796 201 3821 ‚
213 3772 256 3809 eos
266 3758 300 3809 ad
313 3760 398 3823 turpia
415 3760 560 3821 provocent.
575 3756 640 3806 Hinc
653 3757 709 3806 vult
717 3756 836 3821 mulieres
848 3761 902 3805 toto
911 3756 984 3805 vultu
995 3756 1085 3807 velari.

34 3834 131 3884 Paroant
139 3841 195 3892 ergo
203 3832 363 3879 terrenorum
372 3826 524 3890 Angelorum
534 3822 637 3890 puritati
651 3836 658 3874 z
669 3828 776 3876 timeant
783 3825 936 3896 dugelorum
943 3824 1084 3891 celestium

35 3902 171 3956 cicurum.
1091 3909 1099 3938 r

20 3956 365 4057 :1¹‚lcrntoncon'eqneoir
377 3970 517 4039 insuitur)
531 3968 583 4053 nno
600 3944 720 4053 muliere}
732 3983 810 4052 neque
825 3968 918 4026 mulier
935 3971 988 4025 rino
1007 3970 1063 4024 niro
1072 3985 1093 4033 i.
