2559 4450
167 225 223 299 r'ot
409 231 941 297 1urrsi‘ounioitouiuos
1023 229 1029 248 ·

165 349 228 404 porc
246 320 307 390 rer't
323 336 481 403 spiritualia,
497 340 550 389 rita
565 340 592 389 ct
605 349 656 403 pax
668 339 770 388 anima.
793 341 930 392 moreest
949 353 956 390 :
976 325 1125 404 madentia
1143 337 1241 386 autem

794 416 922 484 spiritus,
935 415 990 469 vita
1006 419 1034 468 et
1048 427 1112 481 pax.

199 497 331 560 amatia,
343 500 463 560 inquam,
473 509 577 564 sapere,
589 511 659 550 mors
669 499 707 547 est
715 499 771 548 ani·
829 491 999 554 i.Quonianr
1004 486 1241 556 sapientiacarnis

165 579 230 631 urar,
241 564 301 630 duta
309 567 368 618 talis
377 567 501 632 sapientia
514 571 552 618 est
563 568 699 618 inimicitia
711 581 771 618 cum
793 571 906 625 inimica
912 573 1019 624 estnec
1028 585 1035 622 :
1043 565 1097 635 tegi
1105 565 1184 620 enim
1192 561 1242 614 Dei

166 635 218 688 lieo
228 657 236 698 t
248 637 296 699 legi
308 637 352 687 liei
363 639 503 698 repugnat,
514 641 541 686 et
553 635 609 686 ideo
623 637 671 699 ipsi
681 636 771 696 subjici
794 665 852 704 „0ss
870 655 914 703 est
933 647 1057 716 subjeci„
1075 662 1083 699 :
1095 657 1148 698 nec
1161 642 1242 695 emm

166 716 220 760 uon
232 709 315 769 potest
326 726 333 755 ε
347 707 408 768 quia
419 704 517 756 scilicet
528 707 608 769 ipsius
616 706 769 768 oppositum,
793 731 896 796 potest·

165 785 212 824 seu
225 775 401 838 repugnantia.
498 833 502 839 Ι

195 841 262 892 iiiuc
272 843 317 905 qni
332 840 474 892 meandum
486 853 590 893 carnem
602 841 706 900 vivunt,
720 837 771 889 Deo
828 841 855 892 8.
864 837 1018 901 Quiauicm
1027 834 1055 888 in
1065 843 1152 886 carue
1161 833 1242 892 sunt,

165 906 387 974 piaccre,1ieique
396 914 522 975 precepta
534 921 635 962 serrare
645 920 698 958 non
711 919 771 971 pos-
793 913 1186 983 pgoppaoerenonpossunt‚
1250 941 1252 950 ,

166 985 247 1101 Ἓξ
260 1052 362 1112 anum,
375 1049 530 1110 christiani,
543 1049 571 1097 in
586 1047 715 1110 Baptismo
726 1057 770 1110 per
828 1049 855 1100 9.
865 1047 922 1099 Vos
934 1048 1029 1098 autom
1041 1055 1071 1094 ru
1083 1052 1170 1094 carne
1181 1050 1241 1089 nou

166 1115 292 1180 Spiritum
308 1118 431 1168 Sanctum
444 1118 543 1177 renati,
559 1127 612 1164 nou
629 1117 716 1164 vivitis
730 1128 770 1164 se-
793 1119 1080 1188 esgig‚ged1nspiritu
1092 1117 1243 1170 :stramen

166 1186 282 1237 ‘undum
292 1199 413 1248 meme
426 1186 471 1235 Μ
484 1179 625 1234 mundam
637 1186 769 1245 mutum*
794 1203 912 1270 Spiritus
923 1203 973 1253 Dei
984 1197 1090 1252 habitat
1103 1196 1134 1248 in
1147 1193 1240 1246 robis,

166 1267 244 1318 onem
255 1260 283 1307 in
293 1257 421 1322 Baptismo
432 1257 563 1318 recepistis
576 1274 583 1304 z
596 1257 716 1304 attamen
727 1255 770 1304 hic
794 1280 822 1334 si
828 1281 989 1348 quinum
997 1275 1132 1343 spiritum
1138 1270 1241 1326 Christi

165 1326 771 1459 tt
865 1355 1021 1422 aaran
1110 1349 1239 1416 ...u

165 1465 273 1514 tisinum
284 1464 370 1525 dedit,
382 1462 493 1526 amplius
501 1460 653 1524 nonhabet,
663 1461 706 1513 irio
716 1475 768 1513 non

123 1554 129 1571 ·
166 1534 274 1584 estsere
285 1533 454 1582 Christianus.

196 1700 222 1748 i.
236 1696 362 1756 Quoniam
367 1697 495 1764 ‘commta
508 1699 601 1749 coms.
614 1698 659 1748 Gr.
673 1696 851 1762 propterquod
869 1696 1001 1760 prudentia
1015 1695 1100 1745 caruis
1110 1727 1117 1756 ,
1129 1693 1239 1744 inimica

165 1767 195 1818 in
208 1767 298 1817 Deum.
309 1767 366 1830 Syr.
376 1770 506 1830 propterea
516 1768 584 1830 quoti
598 1771 716 1830 cogitatio
728 1769 811 1818 carnis
823 1769 959 1818 inimicitia
970 1770 1007 1818 esi
1016 1765 1138 1823 advertiis
1146 1765 1237 1814 Deum.

196 1837 329 1888 Rationem
339 1838 449 1898 assignat
460 1836 492 1886 ob
502 1850 581 1898 quam
592 1841 731 1900 sapientia,
743 1837 886 1901 prudentia,
901 1849 972 1897 cura,
983 1847 1072 1895 amor,
1085 1837 1111 1882 et
1121 1833 1238 1882 studium

166 1908 251 1956 earnis
262 1907 295 1956 sit
306 1918 395 1966 mors,
411 1918 457 1955 scu
476 1909 586 1957 mortem
599 1909 707 1958 afferat:
722 1910 816 1977 quippe
838 1909 941 1957 inimico
954 1912 989 1956 est
1003 1907 1054 1954 Deo
1061 1916 1139 1967 ;seu‚
1157 1907 1187 1952 ut
1203 1906 1238 1950 aii

166 1975 264 2040 Syrus,
281 1977 417 2026 inimicitia
427 1977 502 2026 estin
513 1976 594 2026 Deum
604 1996 611 2026 ι
623 1977 672 2040 legi
684 1979 727 2028 iiei
738 1980 874 2040 repugnat,
886 1977 934 2039 ipsi
946 1973 1178 2025 rebellisest.11inc
1190 1971 1237 2034 lapi

165 2045 214 2097 Det
225 2046 318 2110 subjici
333 2061 383 2096 coo
391 2051 472 2110 poten
483 2066 492 2097 .·
503 2050 542 2098 est
554 2049 624 2098 euim
635 2047 704 2098 illius
715 2050 895 2112 repugnantia,
910 2049 935 2096 et
948 2046 1100 2108 oppositum.

196 2137 221 2188 8,
236 2135 286 2195 Qut
295 2141 380 2185 cutem
391 2136 420 2184 is
432 2148 508 2185 eorm
521 2141 609 2186 aaut...
621 2135 665 2187 Gr.
677 2140 703 2185 ai
718 2138 745 2186 in
758 2149 835 2187 carne
848 2137 998 2195 existentes,
1011 2132 1061 2182 lieo
1071 2129 1175 2195 placere
1184 2143 1234 2181 nou

165 2207 280 2267 possum.
296 2203 391 2267 Syrus,
407 2204 512 2269 proinde
526 2207 545 2255 ii
556 2207 601 2267 qni
612 2206 641 2255 iu
652 2218 728 2257 carne
744 2209 818 2268 sunt,
828 2208 877 2257 etc.

196 2272 244 2323 Dat
253 2275 379 2323 rationem
395 2288 441 2324 cur
456 2276 490 2324 sit
510 2276 614 2325 inimica
625 2276 685 2326 uec.
697 2276 764 2325 Deus
781 2278 875 2339 quippe
889 2278 927 2325 est
945 2275 1053 2337 Spiritus
1071 2274 1234 2335 purissimus.
1271 2298 1272 2301 =

164 2340 231 2392 iiiuc
245 2344 359 2407 impuros
374 2346 459 2395 caruis
474 2344 581 2395 affectus
593 2345 652 2395 odio
662 2346 756 2406 habet,
770 2349 795 2394 ct
808 2344 922 2395 carnales
935 2344 997 2393 cuit.
1009 2344 1064 2394 iton
1076 2341 1236 2404 permanebit

164 2411 279 2474 Spiritus
295 2427 365 2464 meus
383 2416 412 2464 to
431 2414 545 2474 moriae,
555 2417 617 2478 quio
636 2429 695 2467 coro
708 2421 750 2465 cst.
765 2414 855 2467 Genea.
871 2419 895 2465 6.
910 2416 934 2464 o.
948 2413 1037 2463 Carnis
1049 2415 1076 2462 et
1091 2411 1235 2461 carnatium

165 2492 238 2531 amor
251 2486 290 2532 est
307 2483 357 2532 Deo
370 2486 531 2545 contrarius,
542 2486 664 2535 inimicus
674 2521 681 2546 ,
693 2497 847 2549 repugnans.
862 2483 927 2533 ilino
947 2494 1016 2532 mors
1030 2483 1141 2541 animm,
1156 2492 1234 2542 quarn
1270 2520 1271 2523 ,

165 2550 262 2613 tlieo,
276 2553 664 2615 viit,etvitaionte,separat.

195 2622 270 2672 Hunc
290 2621 411 2672 lcthniem
430 2626 455 2671 et
470 2622 601 2672 funestum
621 2636 735 2673 amorem
759 2628 787 2674 iu
806 2624 882 2676 corde
899 2635 956 2675 meo
976 2620 1079 2687 penitus
1098 2622 1232 2682 extingue,

165 2690 245 2741 Densi
257 2693 296 2739 est
308 2693 378 2739 euim
386 2691 479 2740 anima
489 2703 557 2741 mors
570 2703 695 2754 presens,
708 2698 733 2743 et
743 2697 832 2745 mortis
847 2697 947 2744 eterne
958 2694 1124 2756 principium.

195 2759 242 2808 iiic
251 2771 324 2808 amor
334 2761 363 2807 in
373 2761 497 2809 aternum
509 2762 558 2810 erit
566 2760 617 2811 beo
631 2765 785 2825 contrarius;
793 2769 818 2813 et
829 2764 884 2815 hacc
896 2766 1061 2815 contrarietas
1076 2766 1102 2813 ct
1109 2761 1231 2825 oppositio
1269 2802 1270 2805 ,

166 2840 228 2879 cum
242 2826 309 2889 nco,
320 2830 364 2890 qui
379 2831 417 2877 est
427 2831 480 2878 rita
493 2831 563 2893 msa,
576 2833 625 2881 erit
635 2836 735 2885 aeterua
753 2836 843 2884 mortis
854 2838 931 2896 origo.

196 2916 223 2962 o.
239 2910 287 2961 Vos
305 2918 392 2962 cotem
406 2912 434 2962 io
450 2925 525 2963 com
539 2930 590 2965 coc
601 2909 667 2967 estu.
680 2918 707 2967 Si
722 2921 825 2978 umen,
837 2917 881 2968 Gr.
903 2919 925 2968 si
942 2910 1230 2980 qurucn;syr.s1vert

164 2983 278 3044 spiritus.
290 2982 342 3033 iioc
354 2984 440 3033 tritico
453 2983 529 3046 dixit,
539 2998 591 3035 uon
605 2987 692 3052 palem
702 3001 791 3038 massa
801 2987 890 3038 latenti
900 3024 907 3049 ,
918 3001 970 3038 uon
979 2985 1078 3050 stipula
1088 2988 1229 3049 apparenti,

165 3049 196 3102 Ι).
209 3034 322 3140 wan.
341 3053 401 3114 Vos,
412 3055 456 3116 qui
474 3054 591 3117 baptimo
604 3060 664 3107 estis
675 3096 682 3121 ,
694 3062 719 3108 et
732 3072 777 3121 per
795 3058 917 3121 Spiritum
931 3058 1054 3108 Sanctiun
1073 3058 1172 3116 renati,
1184 3068 1230 3104 ooo

165 3123 226 3174 esttr-
236 3124 364 3187 carnales,
378 3137 426 3175 neo
438 3126 550 3176 carnalia
564 3130 673 3191 curatis,
685 3130 880 3191 prosequimini
898 3148 904 3179 ι
916 3130 959 3179 sect
969 3130 996 3177 iu
1008 3128 1125 3191 Spicum
1137 3127 1164 3177 id
1176 3132 1228 3184 est,

164 3192 210 3244 aad
220 3192 377 3257 spirituales,
389 3195 531 3259 spirltualin
542 3196 691 3261 diligentes,
706 3198 802 3263 Spiritu
818 3197 910 3249 Sancto
920 3199 957 3249 sic
968 3196 1046 3248 afflati
1056 3234 1063 3260 ,
1075 3198 1142 3247 utin
1158 3198 1229 3260 spiri-

163 3264 406 3326 tumsitisqnodam
418 3265 629 3318 modoeonrcrsi.
1267 3274 1268 3301 i

197 3332 227 3382 St
241 3339 323 3383 tomen
337 3333 450 3397 Spiritus
462 3335 508 3384 Det
517 3334 616 3387 tobitot
629 3336 736 3387 icoobc‘r
742 3354 752 3400 ;
761 3334 788 3386 id
796 3340 848 3399 est,
861 3338 882 3389 si
893 3348 946 3388 non
961 3340 1066 3388 recessit
1077 3336 1093 3389 t
1103 3336 1176 3389 robis
1191 3334 1225 3386 :si
1267 3304 1268 3393 i

163 3400 278 3464 hmini,
293 3403 428 3467 sedemque
447 3402 530 3454 tirerit
539 3410 732 3468 permanentem
743 3408 771 3457 iu
784 3408 870 3470 robis,
882 3406 952 3459 velut
964 3408 1065 3476 templis
1074 3411 1137 3459 suis.

196 3474 227 3523 st
245 3473 302 3536 puis
312 3482 398 3523 cotem
407 3475 534 3537 Spiritum
549 3477 643 3526 Citrtctt
644 3510 724 3527 ........
739 3476 831 3540 idest,
844 3480 935 3540 siquis
953 3478 1076 3541 Spiritum
1091 3478 1226 3535 Sanctum,
1266 3524 1267 3527 ,

164 3553 241 3604 quem
256 3541 388 3603 Christus,
399 3547 476 3606 caput
487 3546 617 3604 nostrum,
625 3544 662 3592 iiii
674 3559 718 3608 per
730 3546 885 3609 baptismum
896 3548 1110 3608 communicavit,
1121 3547 1225 3609 amptius

162 3611 315 3730 mulsei,
330 3610 371 3660 tric
383 3625 433 3661 ooo
443 3620 478 3663 ert
489 3613 558 3677 cjor,
572 3614 598 3663 id
608 3617 662 3676 est,
674 3627 726 3665 non
742 3617 851 3679 partinet
864 3614 898 3667 ad
916 3629 990 3679 cum,
1006 3620 1129 3679 tanquam
1148 3627 1225 3667 ruem·

249 3692 348 3732 rrum.
1265 3702 1266 3715 ¹

194 3750 261 3812 Ergo
270 3763 324 3801 non
336 3748 430 3800 sntiicit
441 3752 543 3803 erericae
554 3757 579 3803 et
587 3754 742 3817 baptizatum
753 3768 822 3819 esse,
835 3760 865 3806 ut
875 3758 934 3820 quis
945 3758 979 3809 sit
989 3755 1047 3809 vert
1060 3756 1224 3815 Christianus

164 3817 214 3869 reti·
222 3824 343 3881 praterea
355 3820 492 3881 rooumtm
502 3827 531 3871 ut
545 3822 638 3874 Christi
652 3824 774 3887 Spiritum
785 3826 885 3879 habeat.

195 3884 315 3937 Attentirt
328 3887 372 3937 hic
392 3888 499 3951 qusque
516 3890 573 3941 sibi.
591 3892 728 3957 triplicem
739 3897 842 3946 turonio
859 3898 994 3962 spiritum,
1008 3896 1102 3948 Christi
1116 3897 1223 3957 scilicet,
1264 3894 1265 3905 ¹

135 4018 139 4026 ,
165 3955 301 4017 mundio&
312 3955 405 4009 ΜΘΗ
417 3975 427 4009 t
440 3956 549 4021 Silili&
563 3960 778 4017 caruaninsest
787 3968 813 4018 et
823 3962 929 4019 iramiiu
939 3969 965 4019 et
978 3965 1086 4018 census
1103 3987 1110 4018 ε
1126 3972 1224 4033 spiritur
